@article{manolov2020genome,
  title={Genome Complexity Browser: Visualization and quantification of genome variability},
  author={Manolov, Alexander and Konanov, Dmitry and Fedorov, Dmitry and Osmolovsky, Ivan and Vereshchagin, Rinat and Ilina, Elena},
  journal={PLoS computational biology},
  volume={16},
  number={10},
  pages={e1008222},
  year={2020},
  publisher={Public Library of Science},

  authorwos = {true}
}

@article{terekhov2018ultrahigh,
  title={Ultrahigh-throughput functional profiling of microbiota communities},
  author={Terekhov, Stanislav S and Smirnov, Ivan V and Malakhova, Maja V and Samoilov, Andrei E and Manolov, Alexander I and Nazarov, Anton S and Danilov, Dmitry V and Dubiley, Svetlana A and Osterman, Ilya A and Rubtsova, Maria P and others},
  journal={Proceedings of the National Academy of Sciences},
  volume={115},
  number={38},
  pages={9551--9556},
  year={2018},
  publisher={National Acad Sciences},

  authorwos = {true}
}

@article{tyakht2018genetic,
  title={Genetic diversity of Escherichia coli in gut microbiota of patients with Crohn’s disease discovered using metagenomic and genomic analyses},
  author={Tyakht, Alexander V and Manolov, Alexander I and Kanygina, Alexandra V and Ischenko, Dmitry S and Kovarsky, Boris A and Popenko, Anna S and Pavlenko, Alexander V and Elizarova, Anna V and Rakitina, Daria V and Baikova, Julia P and others},
  journal={BMC genomics},
  volume={19},
  number={1},
  pages={1--14},
  year={2018},
  publisher={BioMed Central},

  authorwos = {true}
}

@article{zakharzhevskaya2017outer,
  title={Outer membrane vesicles secreted by pathogenic and nonpathogenic Bacteroides fragilis represent different metabolic activities},
  author={Zakharzhevskaya, Natalya B and Vanyushkina, Anna A and Altukhov, Ilya A and Shavarda, Aleksey L and Butenko, Ivan O and Rakitina, Daria V and Nikitina, Anastasia S and Manolov, Aleksandr I and Egorova, Alina N and Kulikov, Eugene E and others},
  journal={Scientific reports},
  volume={7},
  number={1},
  pages={1--16},
  year={2017},
  publisher={Nature Publishing Group},

  authorwos = {true}
}

@article{rakitina2017genome,
  title={Genome analysis of E. coli isolated from Crohn’s disease patients},
  author={Rakitina, Daria V and Manolov, Alexander I and Kanygina, Alexandra V and Garushyants, Sofya K and Baikova, Julia P and Alexeev, Dmitry G and Ladygina, Valentina G and Kostryukova, Elena S and Larin, Andrei K and Semashko, Tatiana A and others},
  journal={BMC genomics},
  volume={18},
  number={1},
  pages={1--17},
  year={2017},
  publisher={BioMed Central},

  authorwos = {true}
}

@article{bulaev2017genome,
  title={Genome analysis of Acidiplasma sp. MBA-1, a polyextremophilic archaeon predominant in the microbial community of a bioleaching reactor},
  author={Bulaev, AG and Kanygina, AV and Manolov, AI},
  journal={Microbiology},
  volume={86},
  number={1},
  pages={89--95},
  year={2017},
  publisher={Springer},

  authorwos = {true}
}

% https://elibrary.ru/item.asp?id=32459838&selid=32695997
@inproceedings{novosibconf,
  author = {Манолов А.И and Побегуц О.В and  Кострюкова Е.С and  Ларин А.К and  Семашко Т.А and  Бабенко В.В and Городничев Р.Б and  Лисицина Е.С and  Щербаков П.Л and Ильина Е.Н and  Говорун В.М.},
  title = {Поиск генов бактерий вида escherichia coli ассоциированных с болезнью крона},
  booktitle = {ВЫСОКОПРОИЗВОДИТЕЛЬНОЕ СЕКВЕНИРОВАНИЕ В ГЕНОМИКЕ II Всероссийская конференция с международным участием.},
  year = {2017},
  pages = {46a},
  language = {russian},
  authorconf = {true},
}

@inproceedings{biotechconf2,
  author = {Манолов, А.И and Побегуц, О.В and Кострюкова, Е.С and Ларин, А.К and Семашко, Т.А and Бабенко, В.В and Городничев, Р.Б and Лисицина, Е.С and  Щербаков, П.Л and Ильина, Е.Н and Говорун, В.М.},
  title = {Поиск генов бактерий вида Escherichia coli ассоциированных с болезнью крона},
  booktitle = {БИОТЕХНОЛОГИЯ: СОСТОЯНИЕ И ПЕРСПЕКТИВЫ РАЗВИТИЯ Москва, 20–22 февраля 2017 года},
  year = {2017},
  language = {russian},
  authorconf = {true},
}

@inproceedings{pstutconf,
  author = {Манолов, А.И. and Каныгина, А.В. and Григорьева, Т.В. and Алексеев, Д.Г.},
  title = {Сборка de-novo и сравнительный анализ генома бактерии P. stutzeri KOS6, извлеченной из нефтяного шламма},
  booktitle = {“HIGH-THROUGHPUT SEQUENCING IN GENOMICS” Новосибирск, 21–25 июля 2013 года},
  year = {2013},
  language = {russian},
  authorconf = {true},
}


@inproceedings{crohnconf,
  author = {Manolov, AI and  Tyakht, AV and  Rakitina, DV and  Samoilov AE and  Kanygina AV and  Baikova J.P. and  Alexeev DG and  Ladygina V.G. and  Kostriukova ES and Larin AK and  Semashko TA and  Karpova IY and  Babenko VV and  Ismagilova R.K. and  Malanin S.Y. and  Garushyants SK and  Gelfand MS and  Ilina, EN and  Gorodnichev RB and  Lisitsyna ES and  Scherbakov PL and  Khalif IL and  Shapina MV and  Maev IV and  Andreev DN and  Govorun, VM},
  title = {Distinctive features of microbiota from patients with Crohn`s disease},
  booktitle = {“4th World Congress on Targeting Microbiota", Institut Pasteur},
  year = {2016},
  language = {english},
  authorconf = {true},
}


@inproceedings{crohnconf1,
  author = {Манолов, А.И and Побегуц, О.В and Кострюкова, Е.С and Ларин, А.К and Семашко, Т.А and Бабенко, В.В and Городничев, Р.Б and Лисицина, Е.С and  Щербаков, П.Л and Ильина, Е.Н and Говорун, В.М.},
  title = {Поиск генетических маркеров бактерий вида Escherichia coli, ассоциированных с болезнью Крона},
  booktitle = {“V СЪЕЗД БИОХИМИКОВ РОССИИ”, Дагомыс},
  year = {2016},
  language = {russian},
  authorconf = {true},
}

@inproceedings{conf1,
  author = {Манолов, А.И and Конанов, Д.Н. and Федоров, Д.Е. and Осмоловский, И.С. and Ильина, Е.Н.},
  title = {Метод анализа контекста генов и интенсивности геномных перестроек в бактериальных геномах},
  booktitle = {“ПОСТГЕНОМ'2018”, Казань},
  year = {2018},
  language = {russian},
  authorconf = {true},
}

@inproceedings{conf2,
  author = {Манолов, А.И and Конанов, Д.Н. and Федоров, Д.Е. and Осмоловский, И.С. and Ильина, Е.Н.},
  title = {Метод анализа контекста генов и интенсивности геномных перестроек в бактериальных геномах.},
  booktitle = {“Итоговая научно-практическая конференция ФГБУ ФНКЦ ФХМ ФМБА России"},
  year = {2018},
  language = {russian},
  authorconf = {true},
}

@inproceedings{conf3,
  author = {Манолов, А.И and Конанов, Д.Н. and Федоров, Д.Е. and Осмоловский, И.С. and Ильина, Е.Н.},
  title = {Метод анализа интенсивности горизонтального переноса основанный на графах.},
  booktitle = {“Итоговая научно-практическая конференция ФГБУ ФНКЦ ФХМ ФМБА России"},
  year = {2017},
  language = {russian},
  authorconf = {true},
}


