@article{piepenbrink2019dna,
  title={DNA uptake by type IV filaments},
  author={Piepenbrink, Kurt H},
  journal={Frontiers in molecular biosciences},
  volume={6},
  pages={1},
  year={2019},
  publisher={Frontiers}
}

@article{ely2020recombination,
  title={Recombination and gene loss occur simultaneously during bacterial horizontal gene transfer},
  author={Ely, Bert},
  journal={PloS one},
  volume={15},
  number={1},
  pages={e0227987},
  year={2020},
  publisher={Public Library of Science San Francisco, CA USA}
}

@article{lacroix2016transfer,
  title={Transfer of DNA from bacteria to eukaryotes},
  author={Lacroix, Beno{\^\i}t and Citovsky, Vitaly},
  journal={MBio},
  volume={7},
  number={4},
  year={2016},
  publisher={Am Soc Microbiol}
}

@article{wilde2003transposases,
  title={Transposases are responsible for the target specificity of IS 1397 and ISKpn 1 for two different types of palindromic units (PUs)},
  author={Wilde, Caroline and Escartin, Fr{\'e}d{\'e}ric and Kokeguchi, Susumu and Latour-Lambert, Patricia and Lectard, Aude and Cl{\'e}ment, Jean-Marie},
  journal={Nucleic acids research},
  volume={31},
  number={15},
  pages={4345--4353},
  year={2003},
  publisher={Oxford University Press}
}

@article{hacker2017features,
  title={Features of genomic organization in a nucleotide-resolution molecular model of the Escherichia coli chromosome},
  author={Hacker, William C and Li, Shuxiang and Elcock, Adrian H},
  journal={Nucleic acids research},
  volume={45},
  number={13},
  pages={7541--7554},
  year={2017},
  publisher={Oxford University Press}
}

@article{смирнов2008механизмы,
	title        = {Механизмы приобретения и потери генетической информации бактериальными геномами},
	author       = {Смирнов, ГБ},
	year         = 2008,
	journal      = {Успехи современной биологии},
	publisher    = {Федеральное государственное бюджетное учреждение" Российская академия наук"},
	volume       = 128,
	number       = 1,
	pages        = {52--76}
}
@article{brimacombe2015homologues,
	title        = {Homologues of genetic transformation DNA import genes are required for Rhodobacter capsulatus gene transfer agent recipient capability regulated by the response regulator CtrA},
	author       = {Brimacombe, Cedric A and Ding, Hao and Johnson, Jeanette A and Beatty, J Thomas},
	year         = 2015,
	journal      = {Journal of bacteriology},
	publisher    = {Am Soc Microbiol},
	volume       = 197,
	number       = 16,
	pages        = {2653--2663}
}
@article{dubey2011intercellular,
	title        = {Intercellular nanotubes mediate bacterial communication},
	author       = {Dubey, Gyanendra P and Ben-Yehuda, Sigal},
	year         = 2011,
	journal      = {Cell},
	publisher    = {Elsevier},
	volume       = 144,
	number       = 4,
	pages        = {590--600}
}
@article{biller2014bacterial,
	title        = {Bacterial vesicles in marine ecosystems},
	author       = {Biller, Steven J and Schubotz, Florence and Roggensack, Sara E and Thompson, Anne W and Summons, Roger E and Chisholm, Sallie W},
	year         = 2014,
	journal      = {science},
	publisher    = {American Association for the Advancement of Science},
	volume       = 343,
	number       = 6167,
	pages        = {183--186}
}
@article{caro2015inter,
	title        = {Inter-phylum HGT has shaped the metabolism of many mesophilic and anaerobic bacteria},
	author       = {Caro-Quintero, Alejandro and Konstantinidis, Konstantinos T},
	year         = 2015,
	journal      = {The ISME journal},
	publisher    = {Nature Publishing Group},
	volume       = 9,
	number       = 4,
	pages        = {958--967}
}
@article{gonzalez2012barriers,
	title        = {Barriers to Horizontal Gene Transfer: Fuzzy and Evolvable Boundaries},
	author       = {Gonz{\'a}lez-Candelas, Fernando and Francino, M Pilar},
	year         = 2012,
	journal      = {Horizontal Gene Transfer in Microorganisms},
	publisher    = {Horizon Scientific Press},
	volume       = 47
}
@article{ochman2000lateral,
	title        = {Lateral gene transfer and the nature of bacterial innovation},
	author       = {Ochman, Howard and Lawrence, Jeffrey G and Groisman, Eduardo A},
	year         = 2000,
	journal      = {nature},
	publisher    = {Nature Publishing Group},
	volume       = 405,
	number       = 6784,
	pages        = {299--304}
}
@article{thomas2005mechanisms,
	title        = {Mechanisms of, and barriers to, horizontal gene transfer between bacteria},
	author       = {Thomas, Christopher M and Nielsen, Kaare M},
	year         = 2005,
	journal      = {Nature reviews microbiology},
	publisher    = {Nature Publishing Group},
	volume       = 3,
	number       = 9,
	pages        = {711--721}
}
@article{wagner2017mechanisms,
	title        = {Mechanisms of gene flow in archaea},
	author       = {Wagner, Alexander and Whitaker, Rachel J and Krause, David J and Heilers, Jan-Hendrik and Van Wolferen, Marleen and Van Der Does, Chris and Albers, Sonja-Verena},
	year         = 2017,
	journal      = {Nature Reviews Microbiology},
	publisher    = {Nature Publishing Group},
	volume       = 15,
	number       = 8,
	pages        = {492--501}
}
@article{sun2019horizontal,
	title        = {Horizontal gene transfer mediated bacterial antibiotic resistance},
	author       = {Sun, Dongchang and Jeannot, Katy and Xiao, Yonghong and Knapp, Charles W},
	year         = 2019,
	journal      = {Frontiers in microbiology},
	publisher    = {Frontiers},
	volume       = 10,
	pages        = 1933
}
@article{mao2012percentage,
	title        = {The percentage of bacterial genes on leading versus lagging strands is influenced by multiple balancing forces},
	author       = {Mao, Xizeng and Zhang, Han and Yin, Yanbin and Xu, Ying},
	year         = 2012,
	journal      = {Nucleic acids research},
	publisher    = {Oxford University Press},
	volume       = 40,
	number       = 17,
	pages        = {8210--8218}
}
@article{brewer1988polymerases,
	title        = {When polymerases collide: replication and the transcriptional organization of the E. coli chromosome},
	author       = {Brewer, Bonita J},
	year         = 1988,
	journal      = {Cell},
	publisher    = {Cell Press},
	volume       = 53,
	number       = 5,
	pages        = {679--686}
}
@article{sankar2016nature,
	title        = {The nature of mutations induced by replication--transcription collisions},
	author       = {Sankar, T Sabari and Wastuwidyaningtyas, Brigitta D and Dong, Yuexin and Lewis, Sarah A and Wang, Jue D},
	year         = 2016,
	journal      = {Nature},
	publisher    = {Nature Publishing Group},
	volume       = 535,
	number       = 7610,
	pages        = {178--181}
}
@article{gautreau2020ppanggolin,
	title        = {PPanGGOLiN: Depicting microbial diversity via a partitioned pangenome graph},
	author       = {Gautreau, Guillaume and Bazin, Adelme and Gachet, Mathieu and Planel, R{\'e}mi and Burlot, Laura and Dubois, Mathieu and Perrin, Amandine and M{\'e}digue, Claudine and Calteau, Alexandra and Cruveiller, St{\'e}phane and others},
	year         = 2020,
	journal      = {PLoS computational biology},
	publisher    = {Public Library of Science},
	volume       = 16,
	number       = 3,
	pages        = {e1007732}
}
@article{doolittle2006genomics,
	title        = {Genomics and the bacterial species problem},
	author       = {Doolittle, W Ford and Papke, R Thane},
	year         = 2006,
	journal      = {Genome biology},
	publisher    = {BioMed Central},
	volume       = 7,
	number       = 9,
	pages        = 116
}
@article{nolan2019pseudomonas,
	title        = {Pseudomonas aeruginosa is capable of natural transformation in biofilms},
	author       = {Nolan, Laura M and Turnbull, Lynne and Katrib, Marilyn and Osvath, Sarah R and Losa, Davide and Whitchurch, Cynthia B},
	year         = 2019,
	journal      = {bioRxiv},
	publisher    = {Cold Spring Harbor Laboratory},
	pages        = 859553
}
@article{yu2014genome,
	title        = {A genome-wide identification of genes undergoing recombination and positive selection in Neisseria},
	author       = {Yu, Dong and Jin, Yuan and Yin, Zhiqiu and Ren, Hongguang and Zhou, Wei and Liang, Long and Yue, Junjie},
	year         = 2014,
	journal      = {BioMed research international},
	publisher    = {Hindawi},
	volume       = 2014
}
@article{rowe2001evolutionary,
	title        = {The evolutionary history of chromosomal super-integrons provides an ancestry for multiresistant integrons},
	author       = {Rowe-Magnus, Dean A and Guerout, Anne-Marie and Ploncard, Pascaline and Dychinco, Broderick and Davies, Julian and Mazel, Didier},
	year         = 2001,
	journal      = {Proceedings of the National Academy of Sciences},
	publisher    = {National Acad Sciences},
	volume       = 98,
	number       = 2,
	pages        = {652--657}
}
@article{oliveira2017chromosomal,
	title        = {The chromosomal organization of horizontal gene transfer in bacteria},
	author       = {Oliveira, Pedro H and Touchon, Marie and Cury, Jean and Rocha, Eduardo PC},
	year         = 2017,
	journal      = {Nature communications},
	publisher    = {Nature Publishing Group},
	volume       = 8,
	number       = 1,
	pages        = {1--11}
}
@article{alikhan2011blast,
	title        = {BLAST Ring Image Generator (BRIG): simple prokaryote genome comparisons},
	author       = {Alikhan, Nabil-Fareed and Petty, Nicola K and Zakour, Nouri L Ben and Beatson, Scott A},
	year         = 2011,
	journal      = {BMC genomics},
	publisher    = {Springer},
	volume       = 12,
	number       = 1,
	pages        = 402
}
@article{darling2004mauve,
	title        = {Mauve: multiple alignment of conserved genomic sequence with rearrangements},
	author       = {Darling, Aaron CE and Mau, Bob and Blattner, Frederick R and Perna, Nicole T},
	year         = 2004,
	journal      = {Genome research},
	publisher    = {Cold Spring Harbor Lab},
	volume       = 14,
	number       = 7,
	pages        = {1394--1403}
}
@article{seitzer2013jcontextexplorer,
	title        = {JContextExplorer: a tree-based approach to facilitate cross-species genomic context comparison},
	author       = {Seitzer, Phillip and Huynh, Tu Anh and Facciotti, Marc T},
	year         = 2013,
	journal      = {BMC bioinformatics},
	publisher    = {BioMed Central},
	volume       = 14,
	number       = 1,
	pages        = {1--8}
}
@article{li2009sequence,
	title        = {The sequence alignment/map format and SAMtools},
	author       = {Li, Heng and Handsaker, Bob and Wysoker, Alec and Fennell, Tim and Ruan, Jue and Homer, Nils and Marth, Gabor and Abecasis, Goncalo and Durbin, Richard},
	year         = 2009,
	journal      = {Bioinformatics},
	publisher    = {Oxford University Press},
	volume       = 25,
	number       = 16,
	pages        = {2078--2079}
}
@article{treangen2014harvest,
	title        = {The Harvest suite for rapid core-genome alignment and visualization of thousands of intraspecific microbial genomes},
	author       = {Treangen, Todd J and Ondov, Brian D and Koren, Sergey and Phillippy, Adam M},
	year         = 2014,
	journal      = {Genome biology},
	publisher    = {Springer},
	volume       = 15,
	number       = 11,
	pages        = 524
}
@article{tofigh2010simultaneous,
	title        = {Simultaneous identification of duplications and lateral gene transfers},
	author       = {Tofigh, Ali and Hallett, Michael and Lagergren, Jens},
	year         = 2010,
	journal      = {IEEE/ACM Transactions on Computational Biology and Bioinformatics},
	publisher    = {IEEE},
	volume       = 8,
	number       = 2,
	pages        = {517--535}
}
@article{sevillya2020detecting,
	title        = {Detecting horizontal gene transfer: a probabilistic approach},
	author       = {Sevillya, Gur and Adato, Orit and Snir, Sagi},
	year         = 2020,
	journal      = {BMC genomics},
	publisher    = {BioMed Central},
	volume       = 21,
	number       = 1,
	pages        = {1--11}
}
@article{garcia2000horizontal,
	title        = {Horizontal gene transfer in bacterial and archaeal complete genomes},
	author       = {Garcia-Vallv{\'e}, Santiago and Romeu, Anton and Palau, Jaume},
	year         = 2000,
	journal      = {Genome Research},
	publisher    = {Cold Spring Harbor Lab},
	volume       = 10,
	number       = 11,
	pages        = {1719--1725}
}
@article{llopis2010spatial,
	title        = {Spatial organization of the flow of genetic information in bacteria},
	author       = {Llopis, Paula Montero and Jackson, Audrey F and Sliusarenko, Oleksii and Surovtsev, Ivan and Heinritz, Jennifer and Emonet, Thierry and Jacobs-Wagner, Christine},
	year         = 2010,
	journal      = {Nature},
	publisher    = {Nature Publishing Group},
	volume       = 466,
	number       = 7302,
	pages        = {77--81}
}
@article{makarova2002dna,
	title        = {A DNA repair system specific for thermophilic Archaea and bacteria predicted by genomic context analysis},
	author       = {Makarova, Kira S and Aravind, L and Grishin, Nick V and Rogozin, Igor B and Koonin, Eugene V},
	year         = 2002,
	journal      = {Nucleic acids research},
	publisher    = {Oxford University Press},
	volume       = 30,
	number       = 2,
	pages        = {482--496}
}
@article{jacob1960loperon,
	title        = {LOPERON-GROUPE DE GENES A EXPRESSION COORDONNEE PAR UN OPERATEUR},
	author       = {Jacob, F and Perrin, D and Sanchez, C and Monod, J},
	year         = 1960,
	journal      = {COMPTES RENDUS HEBDOMADAIRES DES SEANCES DE L ACADEMIE DES SCIENCES},
	publisher    = {GAUTHIER-VILLARS/EDITIONS ELSEVIER 23 RUE LINOIS, 75015 PARIS, FRANCE},
	volume       = 250,
	number       = 9,
	pages        = {1727--1729}
}
@article{rogozin2002connected,
	title        = {Connected gene neighborhoods in prokaryotic genomes},
	author       = {Rogozin, Igor B and Makarova, Kira S and Murvai, Janos and Czabarka, Eva and Wolf, Yuri I and Tatusov, Roman L and Szekely, Laszlo A and Koonin, Eugene V},
	year         = 2002,
	journal      = {Nucleic acids research},
	publisher    = {Oxford University Press},
	volume       = 30,
	number       = 10,
	pages        = {2212--2223}
}
@article{wells2016operon,
	title        = {Operon gene order is optimized for ordered protein complex assembly},
	author       = {Wells, Jonathan N and Bergendahl, L Therese and Marsh, Joseph A},
	year         = 2016,
	journal      = {Cell reports},
	publisher    = {Elsevier},
	volume       = 14,
	number       = 4,
	pages        = {679--685}
}
@article{price2005operon,
	title        = {Operon formation is driven by co-regulation and not by horizontal gene transfer},
	author       = {Price, Morgan N and Huang, Katherine H and Arkin, Adam P and Alm, Eric J},
	year         = 2005,
	journal      = {Genome research},
	publisher    = {Cold Spring Harbor Lab},
	volume       = 15,
	number       = 6,
	pages        = {809--819}
}
@article{lawrence1996selfish,
	title        = {Selfish operons: horizontal transfer may drive the evolution of gene clusters},
	author       = {Lawrence, Jeffrey G and Roth, John R},
	year         = 1996,
	journal      = {Genetics},
	publisher    = {Genetics Soc America},
	volume       = 143,
	number       = 4,
	pages        = {1843--1860}
}
@article{zheng2002computational,
	title        = {Computational identification of operons in microbial genomes},
	author       = {Zheng, Yu and Szustakowski, Joseph D and Fortnow, Lance and Roberts, Richard J and Kasif, Simon},
	year         = 2002,
	journal      = {Genome research},
	publisher    = {Cold Spring Harbor Lab},
	volume       = 12,
	number       = 8,
	pages        = {1221--1230}
}
@article{jacob1961genetic,
	title        = {Genetic regulatory mechanisms in the synthesis of proteins},
	author       = {Jacob, Fran{\c{c}}ois and Monod, Jacques},
	year         = 1961,
	journal      = {Journal of molecular biology},
	publisher    = {Elsevier},
	volume       = 3,
	number       = 3,
	pages        = {318--356}
}
@article{boccard2005spatial,
	title        = {Spatial arrangement and macrodomain organization of bacterial chromosomes},
	author       = {Boccard, Fr{\'e}d{\'e}ric and Esnault, Emilie and Valens, Mich{\`e}le},
	year         = 2005,
	journal      = {Molecular microbiology},
	publisher    = {Wiley Online Library},
	volume       = 57,
	number       = 1,
	pages        = {9--16}
}
@article{eisen2000evidence,
	title        = {Evidence for symmetric chromosomal inversions around the replication origin in bacteria},
	author       = {Eisen, Jonathan A and Heidelberg, John F and White, Owen and Salzberg, Steven L},
	year         = 2000,
	journal      = {Genome biology},
	publisher    = {BioMed Central},
	volume       = 1,
	number       = 6,
	pages        = {research0011--1}
}
@article{rocha2008organization,
	title        = {The organization of the bacterial genome},
	author       = {Rocha, Eduardo PC},
	year         = 2008,
	journal      = {Annual review of genetics},
	publisher    = {Annual Reviews},
	volume       = 42,
	pages        = {211--233}
}
@article{mira2001deletional,
	title        = {Deletional bias and the evolution of bacterial genomes},
	author       = {Mira, Alex and Ochman, Howard and Moran, Nancy A},
	year         = 2001,
	journal      = {Trends in Genetics},
	publisher    = {Elsevier},
	volume       = 17,
	number       = 10,
	pages        = {589--596}
}
@article{thomas2008mosaic,
	title        = {The mosaic genome of Anaeromyxobacter dehalogenans strain 2CP-C suggests an aerobic common ancestor to the delta-proteobacteria},
	author       = {Thomas, Sara H and Wagner, Ryan D and Arakaki, Adrian K and Skolnick, Jeffrey and Kirby, John R and Shimkets, Lawrence J and Sanford, Robert A and L{\"o}ffler, Frank E},
	year         = 2008,
	journal      = {PloS one},
	publisher    = {Public Library of Science},
	volume       = 3,
	number       = 5
}
@article{herdman1985evolution,
	title        = {The evolution of bacterial genomes},
	author       = {Herdman, MICHAEL},
	year         = 1985,
	journal      = {The Evolution of Genome Size},
	publisher    = {John Wiley \& Sons New York},
	pages        = {37--68}
}
@article{bobay2017evolution,
	title        = {The evolution of bacterial genome architecture},
	author       = {Bobay, Louis-Marie and Ochman, Howard},
	year         = 2017,
	journal      = {Frontiers in genetics},
	publisher    = {Frontiers},
	volume       = 8,
	pages        = 72
}
@article{chong2014mechanism,
	title        = {Mechanism of transcriptional bursting in bacteria},
	author       = {Chong, Shasha and Chen, Chongyi and Ge, Hao and Xie, X Sunney},
	year         = 2014,
	journal      = {Cell},
	publisher    = {Elsevier},
	volume       = 158,
	number       = 2,
	pages        = {314--326}
}
@article{sutormin2019single,
	title        = {Single-nucleotide-resolution mapping of DNA gyrase cleavage sites across the Escherichia coli genome},
	author       = {Sutormin, Dmitry and Rubanova, Natalia and Logacheva, Maria and Ghilarov, Dmitry and Severinov, Konstantin},
	year         = 2019,
	journal      = {Nucleic acids research},
	publisher    = {Oxford University Press},
	volume       = 47,
	number       = 3,
	pages        = {1373--1388}
}
@article{levens2014new,
	title        = {A new twist on transcriptional bursting},
	author       = {Levens, David and Larson, Daniel R},
	year         = 2014,
	journal      = {Cell},
	publisher    = {Elsevier},
	volume       = 158,
	number       = 2,
	pages        = {241--242}
}
@article{golding2005real,
	title        = {Real-time kinetics of gene activity in individual bacteria},
	author       = {Golding, Ido and Paulsson, Johan and Zawilski, Scott M and Cox, Edward C},
	year         = 2005,
	journal      = {Cell},
	publisher    = {Elsevier},
	volume       = 123,
	number       = 6,
	pages        = {1025--1036}
}
@article{dorman2016dna,
	title        = {DNA supercoiling is a fundamental regulatory principle in the control of bacterial gene expression},
	author       = {Dorman, Charles J and Dorman, Matthew J},
	year         = 2016,
	journal      = {Biophysical reviews},
	publisher    = {Springer},
	volume       = 8,
	number       = 1,
	pages        = {89--100}
}
@article{el2019bacterial,
	title        = {Bacterial genome architecture shapes global transcriptional regulation by DNA supercoiling},
	author       = {El Houdaigui, Bilal and Forquet, Rapha{\"e}l and Hindr{\'e}, Thomas and Schneider, Dominique and Nasser, William and Reverchon, Sylvie and Meyer, Sam},
	year         = 2019,
	journal      = {Nucleic acids research},
	publisher    = {Oxford University Press},
	volume       = 47,
	number       = 11,
	pages        = {5648--5657}
}
@article{liu1987supercoiling,
	title        = {Supercoiling of the DNA template during transcription},
	author       = {Liu, Leroy F and Wang, James C},
	year         = 1987,
	journal      = {Proceedings of the National Academy of Sciences},
	publisher    = {National Acad Sciences},
	volume       = 84,
	number       = 20,
	pages        = {7024--7027}
}
@article{niehus2015migration,
	title        = {Migration and horizontal gene transfer divide microbial genomes into multiple niches},
	author       = {Niehus, Rene and Mitri, Sara and Fletcher, Alexander G and Foster, Kevin R},
	year         = 2015,
	journal      = {Nature communications},
	publisher    = {Nature Publishing Group},
	volume       = 6,
	pages        = 8924
}
@article{rodriguez2016flexible,
	title        = {Flexible genomic islands as drivers of genome evolution},
	author       = {Rodriguez-Valera, Francisco and Martin-Cuadrado, Ana-Belen and L{\'o}pez-P{\'e}rez, Mario},
	year         = 2016,
	journal      = {Current opinion in microbiology},
	publisher    = {Elsevier},
	volume       = 31,
	pages        = {154--160}
}
@article{soucy2015horizontal,
	title        = {Horizontal gene transfer: building the web of life},
	author       = {Soucy, Shannon M and Huang, Jinling and Gogarten, Johann Peter},
	year         = 2015,
	journal      = {Nature Reviews Genetics},
	publisher    = {Nature Publishing Group},
	volume       = 16,
	number       = 8,
	pages        = {472--482}
}
@article{touzain2011dna,
	title        = {DNA motifs that sculpt the bacterial chromosome},
	author       = {Touzain, Fabrice and Petit, Marie-Agn{\`e}s and Schbath, Sophie and El Karoui, Meriem},
	year         = 2011,
	journal      = {Nature Reviews Microbiology},
	publisher    = {Nature Publishing Group},
	volume       = 9,
	number       = 1,
	pages        = {15--26}
}
@article{bigot2007ftsk,
	title        = {FtsK, a literate chromosome segregation machine},
	author       = {Bigot, Sarah and Sivanathan, Viknesh and Possoz, Christophe and Barre, Fran{\c{c}}ois-Xavier and Cornet, Fran{\c{c}}ois},
	year         = 2007,
	journal      = {Molecular microbiology},
	publisher    = {Wiley Online Library},
	volume       = 64,
	number       = 6,
	pages        = {1434--1441}
}
@article{li2019positioning,
	title        = {The positioning of Chi sites allows the RecBCD pathway to suppress some genomic rearrangements},
	author       = {Li, Chastity and Danilowicz, Claudia and Tashjian, Tommy F and Godoy, Veronica G and Pr{\'e}vost, Chantal and Prentiss, Mara},
	year         = 2019,
	journal      = {Nucleic acids research},
	publisher    = {Oxford University Press},
	volume       = 47,
	number       = 4,
	pages        = {1836--1846}
}
@article{reams2014recombination,
	title        = {Recombination and annealing pathways compete for substrates in making rrn duplications in Salmonella enterica},
	author       = {Reams, Andrew B and Kofoid, Eric and Duleba, Natalie and Roth, John R},
	year         = 2014,
	journal      = {Genetics},
	publisher    = {Genetics Soc America},
	volume       = 196,
	number       = 1,
	pages        = {119--135}
}
@article{halpern2007identification,
	title        = {Identification of DNA motifs implicated in maintenance of bacterial core genomes by predictive modeling},
	author       = {Halpern, David and Chiapello, Helene and Schbath, Sophie and Robin, Stephane and Hennequet-Antier, Christelle and Gruss, Alexandra and El Karoui, Meriem},
	year         = 2007,
	journal      = {PLoS genetics},
	publisher    = {Public Library of Science},
	volume       = 3,
	number       = 9
}
@article{azeroglu2016recg,
	title        = {RecG directs DNA synthesis during double-strand break repair},
	author       = {Azeroglu, Benura and Mawer, Julia SP and Cockram, Charlotte A and White, Martin A and Hasan, AM Mahedi and Filatenkova, Milana and Leach, David RF},
	year         = 2016,
	journal      = {PLoS genetics},
	publisher    = {Public Library of Science},
	volume       = 12,
	number       = 2
}
@book{mullany2005dynamic,
	title        = {The dynamic bacterial genome},
	author       = {Mullany, Peter},
	year         = 2005,
	publisher    = {Cambridge University Press},
	volume       = 8
}
@article{malone1978hotspots,
	title        = {Hotspots for generalized recombination in the Escherichia coli chromosome},
	author       = {Malone, Robert E and Chattoraj, Dhkuba K and Faulds, Dabyl H and Stahl, Mary M and Stahl, Franklin W},
	year         = 1978,
	journal      = {Journal of molecular biology},
	publisher    = {Elsevier},
	volume       = 121,
	number       = 4,
	pages        = {473--491}
}
@article{lam1974rec,
	title        = {Rec-mediated recombinational hot spot activity in bacteriophage lambda II. A mutation which causes hot spot activity},
	author       = {Lam, Stephen T and Stahl, Mary M and McMilin, Kenneth D and Stahl, Franklin W},
	year         = 1974,
	journal      = {Genetics},
	publisher    = {Genetics Soc America},
	volume       = 77,
	number       = 3,
	pages        = {425--433}
}
@article{smith2012recbcd,
	title        = {How RecBCD enzyme and Chi promote DNA break repair and recombination: a molecular biologist's view},
	author       = {Smith, Gerald R},
	year         = 2012,
	journal      = {Microbiol. Mol. Biol. Rev.},
	publisher    = {Am Soc Microbiol},
	volume       = 76,
	number       = 2,
	pages        = {217--228}
}
@article{singleton2004crystal,
	title        = {Crystal structure of RecBCD enzyme reveals a machine for processing DNA breaks},
	author       = {Singleton, Martin R and Dillingham, Mark S and Gaudier, Martin and Kowalczykowski, Stephen C and Wigley, Dale B},
	year         = 2004,
	journal      = {Nature},
	publisher    = {Nature Publishing Group},
	volume       = 432,
	number       = 7014,
	pages        = {187--193}
}
@article{michel2000resolution,
	title        = {Resolution of Holliday junctions by RuvABC prevents dimer formation in rep mutants and UV-irradiated cells},
	author       = {Michel, B{\'e}n{\'e}dicte and Recchia, Gavin D and Penel-Colin, Marion and Ehrlich, S Dusko and Sherratt, David J},
	year         = 2000,
	journal      = {Molecular microbiology},
	publisher    = {Wiley Online Library},
	volume       = 37,
	number       = 1,
	pages        = {180--191}
}
@article{kuzminov1999recombinational,
	title        = {Recombinational Repair of DNA Damage inEscherichia coli and Bacteriophage $\lambda$},
	author       = {Kuzminov, Andrei},
	year         = 1999,
	journal      = {Microbiol. Mol. Biol. Rev.},
	publisher    = {Am Soc Microbiol},
	volume       = 63,
	number       = 4,
	pages        = {751--813}
}
@article{huang2001novel,
	title        = {A novel genetic island of meningitic Escherichia coli K1 containing the ibeA invasion gene (GimA): functional annotation and carbon-source-regulated invasion of human brain microvascular endothelial cells},
	author       = {Huang, Sheng-He and Chen, Yu-Hua and Kong, Guoying and Chen, Steven H and Besemer, John and Borodovsky, Mark and Jong, Ambrose},
	year         = 2001,
	journal      = {Functional \& integrative genomics},
	publisher    = {Springer},
	volume       = 1,
	number       = 5,
	pages        = {312--322}
}
@article{cress2014masquerading,
	title        = {Masquerading microbial pathogens: capsular polysaccharides mimic host-tissue molecules},
	author       = {Cress, Brady F and Englaender, Jacob A and He, Wenqin and Kasper, Dennis and Linhardt, Robert J and Koffas, Mattheos AG},
	year         = 2014,
	journal      = {FEMS microbiology reviews},
	publisher    = {Blackwell Publishing Ltd Oxford, UK},
	volume       = 38,
	number       = 4,
	pages        = {660--697}
}
@article{lukavcova2008role,
	title        = {Role of structural variations of polysaccharide antigens in the pathogenicity of Gram-negative bacteria},
	author       = {Luk{\'a}{\v{c}}ov{\'a}, M and Barak, I and Kazar, J},
	year         = 2008,
	journal      = {Clinical microbiology and infection},
	publisher    = {Elsevier},
	volume       = 14,
	number       = 3,
	pages        = {200--206}
}
@article{clarke1999genetic,
	title        = {Genetic organization of the Escherichia coli K10 capsule gene cluster: identification and characterization of two conserved regions in group III capsule gene clusters encoding polysaccharide transport functions},
	author       = {Clarke, Bradley R and Pearce, Rowan and Roberts, Ian S},
	year         = 1999,
	journal      = {Journal of bacteriology},
	publisher    = {Am Soc Microbiol},
	volume       = 181,
	number       = 7,
	pages        = {2279--2285}
}
@article{delcher1999alignment,
	title        = {Alignment of whole genomes},
	author       = {Delcher, Arthur L and Kasif, Simon and Fleischmann, Robert D and Peterson, Jeremy and White, Owen and Salzberg, Steven L},
	year         = 1999,
	journal      = {Nucleic acids research},
	publisher    = {Oxford University Press},
	volume       = 27,
	number       = 11,
	pages        = {2369--2376}
}
@article{viladomiu2017iga,
	title        = {IgA-coated E. coli enriched in Crohn’s disease spondyloarthritis promote TH17-dependent inflammation},
	author       = {Viladomiu, Monica and Kivolowitz, Charles and Abdulhamid, Ahmed and Dogan, Belgin and Victorio, Daniel and Castellanos, Jim G and Woo, Viola and Teng, Fei and Tran, Nhan L and Sczesnak, Andrew and others},
	year         = 2017,
	journal      = {Science translational medicine},
	publisher    = {American Association for the Advancement of Science},
	volume       = 9,
	number       = 376,
	pages        = {eaaf9655}
}
@article{dogan2014inflammation,
	title        = {Inflammation-associated adherent-invasive Escherichia coli are enriched in pathways for use of propanediol and iron and M-cell translocation},
	author       = {Dogan, Belgin and Suzuki, Haruo and Herlekar, Deepali and Sartor, R Balfour and Campbell, Barry J and Roberts, Carol L and Stewart, Katrina and Scherl, Ellen J and Araz, Yasemin and Bitar, Paulina P and others},
	year         = 2014,
	journal      = {Inflammatory bowel diseases},
	publisher    = {Oxford University Press Oxford, UK},
	volume       = 20,
	number       = 11,
	pages        = {1919--1932}
}
@article{miquel2010complete,
	title        = {Complete genome sequence of Crohn's disease-associated adherent-invasive E. coli strain LF82},
	author       = {Miquel, Sylvie and Peyretaillade, Eric and Claret, Laurent and De Vall{\'e}e, Am{\'e}lie and Dossat, Carole and Vacherie, Benoit and Zineb, El Hajji and Segurens, Beatrice and Barbe, Valerie and Sauvanet, Pierre and others},
	year         = 2010,
	journal      = {PloS one},
	publisher    = {Public Library of Science},
	volume       = 5,
	number       = 9
}
@article{mao2014door,
	title        = {DOOR 2.0: presenting operons and their functions through dynamic and integrated views},
	author       = {Mao, Xizeng and Ma, Qin and Zhou, Chuan and Chen, Xin and Zhang, Hanyuan and Yang, Jincai and Mao, Fenglou and Lai, Wei and Xu, Ying},
	year         = 2014,
	journal      = {Nucleic acids research},
	publisher    = {Oxford University Press},
	volume       = 42,
	number       = {D1},
	pages        = {D654--D659}
}
@article{benjamini2001control,
	title        = {The control of the false discovery rate in multiple testing under dependency},
	author       = {Benjamini, Yoav and Yekutieli, Daniel and others},
	year         = 2001,
	journal      = {The annals of statistics},
	publisher    = {Institute of Mathematical Statistics},
	volume       = 29,
	number       = 4,
	pages        = {1165--1188}
}
@article{holm1979simple,
	title        = {A simple sequentially rejective multiple test procedure},
	author       = {Holm, Sture},
	year         = 1979,
	journal      = {Scandinavian journal of statistics},
	publisher    = {JSTOR},
	pages        = {65--70}
}
@article{benjamini1995controlling,
	title        = {Controlling the false discovery rate: a practical and powerful approach to multiple testing},
	author       = {Benjamini, Yoav and Hochberg, Yosef},
	year         = 1995,
	journal      = {Journal of the Royal statistical society: series B (Methodological)},
	publisher    = {Wiley Online Library},
	volume       = 57,
	number       = 1,
	pages        = {289--300}
}
@article{emms2015orthofinder,
	title        = {OrthoFinder: solving fundamental biases in whole genome comparisons dramatically improves orthogroup inference accuracy},
	author       = {Emms, David M and Kelly, Steven},
	year         = 2015,
	journal      = {Genome biology},
	publisher    = {BioMed Central},
	volume       = 16,
	number       = 1,
	pages        = 157
}
@article{bordes2003dna,
	title        = {DNA supercoiling contributes to disconnect $\sigma$S accumulation from $\sigma$S-dependent transcription in Escherichia coli},
	author       = {Bordes, Patricia and Conter, Annie and Morales, Violette and Bouvier, Jean and Kolb, Annie and Gutierrez, Claude},
	year         = 2003,
	journal      = {Molecular microbiology},
	publisher    = {Wiley Online Library},
	volume       = 48,
	number       = 2,
	pages        = {561--571}
}
@article{schneider2000expression,
	title        = {The expression of the Escherichia coli fis gene is strongly dependent on the superhelical density of DNA},
	author       = {Schneider, Robert and Travers, Andrew and Muskhelishvili, Georgi},
	year         = 2000,
	journal      = {Molecular microbiology},
	publisher    = {Wiley Online Library},
	volume       = 38,
	number       = 1,
	pages        = {167--175}
}
@article{schellhorn2014elucidating,
	title        = {Elucidating the function of the RpoS regulon},
	author       = {Schellhorn, Herb E},
	year         = 2014,
	journal      = {Future microbiology},
	publisher    = {Future Medicine},
	volume       = 9,
	number       = 4,
	pages        = {497--507}
}
@article{cho2014genome,
	title        = {Genome-scale reconstruction of the sigma factor network in Escherichia coli: topology and functional states},
	author       = {Cho, Byung-Kwan and Kim, Donghyuk and Knight, Eric M and Zengler, Karsten and Palsson, Bernhard O},
	year         = 2014,
	journal      = {BMC biology},
	publisher    = {BioMed Central},
	volume       = 12,
	number       = 1,
	pages        = 4
}
@article{marbouty2015condensin,
	title        = {Condensin-and replication-mediated bacterial chromosome folding and origin condensation revealed by Hi-C and super-resolution imaging},
	author       = {Marbouty, Martial and Le Gall, Antoine and Cattoni, Diego I and Cournac, Axel and Koh, Alan and Fiche, Jean-Bernard and Mozziconacci, Julien and Murray, Heath and Koszul, Romain and Nollmann, Marcelo},
	year         = 2015,
	journal      = {Molecular cell},
	publisher    = {Elsevier},
	volume       = 59,
	number       = 4,
	pages        = {588--602}
}
@article{lioy2018multiscale,
	title        = {Multiscale structuring of the E. coli chromosome by nucleoid-associated and condensin proteins},
	author       = {Lioy, Virginia S and Cournac, Axel and Marbouty, Martial and Duigou, St{\'e}phane and Mozziconacci, Julien and Esp{\'e}li, Olivier and Boccard, Fr{\'e}d{\'e}ric and Koszul, Romain},
	year         = 2018,
	journal      = {Cell},
	publisher    = {Elsevier},
	volume       = 172,
	number       = 4,
	pages        = {771--783}
}
@article{hinnebusch1997bacterial,
	title        = {The bacterial nucleoid visualized by fluorescence microscopy of cells lysed within agarose: comparison of Escherichia coli and spirochetes of the genus Borrelia.},
	author       = {Hinnebusch, B Joseph and Bendich, Arnold J},
	year         = 1997,
	journal      = {Journal of bacteriology},
	publisher    = {Am Soc Microbiol},
	volume       = 179,
	number       = 7,
	pages        = {2228--2237}
}
@article{trucksis1998vibrio,
	title        = {The Vibrio cholerae genome contains two unique circular chromosomes},
	author       = {Trucksis, Michele and Michalski, Jane and Deng, Ying Kang and Kaper, James B},
	year         = 1998,
	journal      = {Proceedings of the National Academy of Sciences},
	publisher    = {National Acad Sciences},
	volume       = 95,
	number       = 24,
	pages        = {14464--14469}
}
@article{long2018evolutionary,
	title        = {Evolutionary determinants of genome-wide nucleotide composition},
	author       = {Long, Hongan and Sung, Way and Kucukyildirim, Sibel and Williams, Emily and Miller, Samuel F and Guo, Wanfeng and Patterson, Caitlyn and Gregory, Colin and Strauss, Chloe and Stone, Casey and others},
	year         = 2018,
	journal      = {Nature ecology \& evolution},
	publisher    = {Nature Publishing Group},
	volume       = 2,
	number       = 2,
	pages        = 237
}
@article{aslam2019aerobic,
	title        = {Aerobic prokaryotes do not have higher GC contents than anaerobic prokaryotes, but obligate aerobic prokaryotes have},
	author       = {Aslam, Sidra and Lan, Xin-Ran and Zhang, Bo-Wen and Chen, Zheng-Lin and Wang, Li and Niu, Deng-Ke},
	year         = 2019,
	journal      = {BMC evolutionary biology},
	publisher    = {BioMed Central},
	volume       = 19,
	number       = 1,
	pages        = 35
}
@article{wang2006correlation,
	title        = {On the correlation between genomic G+ C content and optimal growth temperature in prokaryotes: data quality and confounding factors},
	author       = {Wang, Huai-Chun and Susko, Edward and Roger, Andrew J},
	year         = 2006,
	journal      = {Biochemical and biophysical research communications},
	publisher    = {Elsevier},
	volume       = 342,
	number       = 3,
	pages        = {681--684}
}
@article{galtier1997relationships,
	title        = {Relationships between genomic G+ C content, RNA secondary structures, and optimal growth temperature in prokaryotes},
	author       = {Galtier, Nicolas and Lobry, JR},
	year         = 1997,
	journal      = {Journal of molecular evolution},
	publisher    = {Springer},
	volume       = 44,
	number       = 6,
	pages        = {632--636}
}
@article{naya2002aerobiosis,
	title        = {Aerobiosis increases the genomic guanine plus cytosine content (GC\%) in prokaryotes},
	author       = {Naya, Hugo and Romero, H{\'e}ctor and Zavala, Alejandro and Alvarez, Beatriz and Musto, H{\'e}ctor},
	year         = 2002,
	journal      = {Journal of molecular evolution},
	publisher    = {Springer},
	volume       = 55,
	number       = 3,
	pages        = {260--264}
}
@inproceedings{lobry2004life,
	title        = {Life history traits and genome structure: aerobiosis and G+ C content in bacteria},
	author       = {Lobry, Jean R},
	year         = 2004,
	booktitle    = {International Conference on Computational Science},
	pages        = {679--686},
	organization = {Springer}
}
@inproceedings{szybalski1966pyrimidine,
	title        = {Pyrimidine clusters on the transcribing strand of DNA and their possible role in the initiation of RNA synthesis},
	author       = {Szybalski, W and Kubinski, H and Sheldrick, P},
	year         = 1966,
	booktitle    = {Cold Spring Harbor symposia on quantitative biology},
	volume       = 31,
	pages        = {123--127},
	organization = {Cold Spring Harbor Laboratory Press}
}
@article{fujimori2005gc,
	title        = {GC-compositional strand bias around transcription start sites in plants and fungi},
	author       = {Fujimori, Shigeo and Washio, Takanori and Tomita, Masaru},
	year         = 2005,
	journal      = {BMC genomics},
	publisher    = {BioMed Central},
	volume       = 6,
	number       = 1,
	pages        = 26
}
@article{arakawa2007gc,
	title        = {The GC skew index: a measure of genomic compositional asymmetry and the degree of replicational selection},
	author       = {Arakawa, Kazuharu and Tomita, Masaru},
	year         = 2007,
	journal      = {Evolutionary Bioinformatics},
	publisher    = {SAGE Publications Sage UK: London, England},
	volume       = 3,
	pages        = 117693430700300006
}
@article{lobry1999genomic,
	title        = {Genomic landscapes},
	author       = {Lobry, Jean R},
	year         = 1999,
	journal      = {Microbiology Today},
	volume       = 26,
	pages        = {164--165}
}
@article{kono2018accelerated,
	title        = {Accelerated laboratory evolution reveals the influence of replication on the GC skew in Escherichia coli},
	author       = {Kono, Nobuaki and Tomita, Masaru and Arakawa, Kazuharu},
	year         = 2018,
	journal      = {Genome biology and evolution},
	publisher    = {Oxford University Press},
	volume       = 10,
	number       = 11,
	pages        = {3110--3117}
}
@article{lobry1996asymmetric,
	title        = {Asymmetric substitution patterns in the two DNA strands of bacteria.},
	author       = {Lobry, Jean R},
	year         = 1996,
	journal      = {Molecular biology and evolution},
	volume       = 13,
	number       = 5,
	pages        = {660--665}
}
@article{noguera2013genome,
	title        = {Genome: twisting stories with DNA},
	author       = {Noguera-Solano, Ricardo and Ruiz-Gutierrez, Rosaura and Rodriguez-Caso, Juan Manuel},
	year         = 2013,
	journal      = {Endeavour},
	publisher    = {Elsevier},
	volume       = 37,
	number       = 4,
	pages        = {213--219}
}
@book{tukey1977exploratory,
	title        = {Exploratory data analysis},
	author       = {Tukey, John W},
	year         = 1977,
	publisher    = {Reading, Mass.},
	volume       = 2
}
@article{krause2011complete,
	title        = {Complete genome sequence of adherent invasive Escherichia coli UM146 isolated from Ileal Crohn's disease biopsy tissue},
	author       = {Krause, Denis O and Little, Ainsley C and Dowd, Scot E and Bernstein, Charles N},
	year         = 2011,
	journal      = {Journal of bacteriology},
	publisher    = {Am Soc Microbiol},
	volume       = 193,
	number       = 2,
	pages        = {583--583}
}
@article{nash2010genome,
	title        = {Genome sequence of adherent-invasive Escherichia coli and comparative genomic analysis with other E. coli pathotypes},
	author       = {Nash, John HE and Villegas, Andre and Kropinski, Andrew M and Aguilar-Valenzuela, Renan and Konczy, Paulina and Mascarenhas, Mariola and Ziebell, Kim and Torres, Alfredo G and Karmali, Mohamed A and Coombes, Brian K},
	year         = 2010,
	journal      = {BMC genomics},
	publisher    = {BioMed Central},
	volume       = 11,
	number       = 1,
	pages        = {1--15}
}
@article{bankevich2012spades,
	title        = {SPAdes: a new genome assembly algorithm and its applications to single-cell sequencing},
	author       = {Bankevich, Anton and Nurk, Sergey and Antipov, Dmitry and Gurevich, Alexey A and Dvorkin, Mikhail and Kulikov, Alexander S and Lesin, Valery M and Nikolenko, Sergey I and Pham, Son and Prjibelski, Andrey D and others},
	year         = 2012,
	journal      = {Journal of computational biology},
	publisher    = {Mary Ann Liebert, Inc. 140 Huguenot Street, 3rd Floor New Rochelle, NY 10801 USA},
	volume       = 19,
	number       = 5,
	pages        = {455--477}
}
@article{seemann2014prokka,
	title        = {Prokka: rapid prokaryotic genome annotation},
	author       = {Seemann, Torsten},
	year         = 2014,
	journal      = {Bioinformatics},
	publisher    = {Oxford University Press},
	volume       = 30,
	number       = 14,
	pages        = {2068--2069}
}
@inproceedings{chevreux1999genome,
	title        = {Genome sequence assembly using trace signals and additional sequence information.},
	author       = {Chevreux, Bastien and Wetter, Thomas and Suhai, S{\'a}ndor and others},
	year         = 1999,
	booktitle    = {German conference on bioinformatics},
	volume       = 99,
	number       = 1,
	pages        = {45--56},
	organization = {Citeseer}
}
@article{smoot2011cytoscape,
	title        = {Cytoscape 2.8: new features for data integration and network visualization},
	author       = {Smoot, Michael E and Ono, Keiichiro and Ruscheinski, Johannes and Wang, Peng-Liang and Ideker, Trey},
	year         = 2011,
	journal      = {Bioinformatics},
	publisher    = {Oxford University Press},
	volume       = 27,
	number       = 3,
	pages        = {431--432}
}
@article{arndt2016phaster,
	title        = {PHASTER: a better, faster version of the PHAST phage search tool},
	author       = {Arndt, David and Grant, Jason R and Marcu, Ana and Sajed, Tanvir and Pon, Allison and Liang, Yongjie and Wishart, David S},
	year         = 2016,
	journal      = {Nucleic acids research},
	publisher    = {Oxford University Press},
	volume       = 44,
	number       = {W1},
	pages        = {W16--W21}
}
@article{schliep2011phangorn,
	title        = {phangorn: phylogenetic analysis in R},
	author       = {Schliep, Klaus Peter},
	year         = 2011,
	journal      = {Bioinformatics},
	publisher    = {Oxford University Press},
	volume       = 27,
	number       = 4,
	pages        = {592--593}
}
@article{nguyen2015iq,
	title        = {IQ-TREE: a fast and effective stochastic algorithm for estimating maximum-likelihood phylogenies},
	author       = {Nguyen, Lam-Tung and Schmidt, Heiko A and Von Haeseler, Arndt and Minh, Bui Quang},
	year         = 2015,
	journal      = {Molecular biology and evolution},
	publisher    = {Oxford University Press},
	volume       = 32,
	number       = 1,
	pages        = {268--274}
}
@article{suyama2006pal2nal,
	title        = {PAL2NAL: robust conversion of protein sequence alignments into the corresponding codon alignments},
	author       = {Suyama, Mikita and Torrents, David and Bork, Peer},
	year         = 2006,
	journal      = {Nucleic acids research},
	publisher    = {Oxford University Press},
	volume       = 34,
	number       = {suppl\_2},
	pages        = {W609--W612}
}
@article{edgar2004muscle,
	title        = {MUSCLE: multiple sequence alignment with high accuracy and high throughput},
	author       = {Edgar, Robert C},
	year         = 2004,
	journal      = {Nucleic acids research},
	publisher    = {Oxford University Press},
	volume       = 32,
	number       = 5,
	pages        = {1792--1797}
}
@article{emms2019orthofinder,
	title        = {OrthoFinder: phylogenetic orthology inference for comparative genomics},
	author       = {Emms, David M and Kelly, Steven},
	year         = 2019,
	journal      = {Genome biology},
	publisher    = {Springer},
	volume       = 20,
	number       = 1,
	pages        = {1--14}
}
@article{liao2019characterization,
	title        = {Characterization of a lytic bacteriophage as an antimicrobial agent for biocontrol of shiga toxin-producing Escherichia coli O145 strains},
	author       = {Liao, Yen-Te and Salvador, Alexandra and Harden, Leslie A and Liu, Fang and Lavenburg, Valerie M and Li, Robert W and Wu, Vivian CH},
	year         = 2019,
	journal      = {Antibiotics},
	publisher    = {Multidisciplinary Digital Publishing Institute},
	volume       = 8,
	number       = 2,
	pages        = 74
}
@article{krol2019genome,
	title        = {Genome rearrangements induce biofilm formation in Escherichia coli C--an old model organism with a new application in biofilm research},
	author       = {Kr{\'o}l, Jaros{\l}aw E and Hall, Donald C and Balashov, Sergey and Pastor, Steven and Sibert, Justin and McCaffrey, Jennifer and Lang, Steven and Ehrlich, Rachel L and Earl, Joshua and Mell, Joshua C and others},
	year         = 2019,
	journal      = {BMC genomics},
	publisher    = {Springer},
	volume       = 20,
	number       = 1,
	pages        = {1--18}
}
@article{hollander1973douglas,
	title        = {Douglas A},
	author       = {Hollander, Myles},
	year         = 1973,
	journal      = {Wolfe. Nonparametric Statistical Methods. New York: John Wiley \& Sons},
	pages        = {185--194}
}
@article{marccais2018mummer4,
	title        = {MUMmer4: A fast and versatile genome alignment system},
	author       = {Mar{\c{c}}ais, Guillaume and Delcher, Arthur L and Phillippy, Adam M and Coston, Rachel and Salzberg, Steven L and Zimin, Aleksey},
	year         = 2018,
	journal      = {PLoS computational biology},
	publisher    = {Public Library of Science},
	volume       = 14,
	number       = 1,
	pages        = {e1005944}
}
@inproceedings{glansdorff1981activation,
	title        = {Activation of gene expression by IS2 and IS3},
	author       = {Glansdorff, Nicolas and Charlier, D and Zafarullah, M},
	year         = 1981,
	booktitle    = {Cold Spring Harbor symposia on quantitative biology},
	volume       = 45,
	pages        = {153--156},
	organization = {Cold Spring Harbor Laboratory Press}
}
@article{parkhill2003comparative,
	title        = {Comparative analysis of the genome sequences of Bordetella pertussis, Bordetella parapertussis and Bordetella bronchiseptica},
	author       = {Parkhill, Julian and Sebaihia, Mohammed and Preston, Andrew and Murphy, Lee D and Thomson, Nicholas and Harris, David E and Holden, Matthew TG and Churcher, Carol M and Bentley, Stephen D and Mungall, Karen L and others},
	year         = 2003,
	journal      = {Nature genetics},
	publisher    = {Nature Publishing Group},
	volume       = 35,
	number       = 1,
	pages        = {32--40}
}
@article{siguier2014bacterial,
	title        = {Bacterial insertion sequences: their genomic impact and diversity},
	author       = {Siguier, Patricia and Gourbeyre, Edith and Chandler, Mick},
	year         = 2014,
	journal      = {FEMS microbiology reviews},
	publisher    = {Blackwell Publishing Ltd Oxford, UK},
	volume       = 38,
	number       = 5,
	pages        = {865--891}
}
@article{oggioni1999repeated,
	title        = {Repeated extragenic sequences in prokaryotic genomes: a proposal for the origin and dynamics of the RUP element in Streptococcus pneumoniae},
	author       = {Oggioni, Marco R and Claverys, Jean-Pierre},
	year         = 1999,
	journal      = {Microbiology},
	publisher    = {Microbiology Society},
	volume       = 145,
	number       = 10,
	pages        = {2647--2653}
}
@article{siguier2015everyman,
	title        = {Everyman's guide to bacterial insertion sequences},
	author       = {Siguier, Patricia and Gourbeyre, Edith and Varani, Alessandro and Ton-Hoang, Bao and Chandler, Michael},
	year         = 2015,
	journal      = {Mobile DNA III},
	publisher    = {Wiley Online Library},
	pages        = {555--590}
}
@article{alton1979nucleotide,
	title        = {Nucleotide sequence analysis of the chloramphenicol resistance transposon Tn 9},
	author       = {Alton, N Kirby and Vapnek, Daniel},
	year         = 1979,
	journal      = {Nature},
	publisher    = {Nature Publishing Group},
	volume       = 282,
	number       = 5741,
	pages        = {864--869}
}
@article{pernodet1984plasmids,
	title        = {Plasmids in different strains of Streptomyces ambofaciens: free and integrated form of plasmid pSAM2},
	author       = {Pernodet, Jean-Luc and Simonet, Jean-Marc and Gu{\'e}rineau, Michel},
	year         = 1984,
	journal      = {Molecular and General Genetics MGG},
	publisher    = {Springer},
	volume       = 198,
	number       = 1,
	pages        = {35--41}
}
@article{kers2005large,
	title        = {A large, mobile pathogenicity island confers plant pathogenicity on Streptomyces species},
	author       = {Kers, Johan A and Cameron, Kimberly D and Joshi, Madhumita V and Bukhalid, Raghida A and Morello, Joanne E and Wach, Michael J and Gibson, Donna M and Loria, Rosemary},
	year         = 2005,
	journal      = {Molecular microbiology},
	publisher    = {Wiley Online Library},
	volume       = 55,
	number       = 4,
	pages        = {1025--1033}
}
@article{vandecraen2017impact,
	title        = {The impact of insertion sequences on bacterial genome plasticity and adaptability},
	author       = {Vandecraen, Joachim and Chandler, Michael and Aertsen, Abram and Van Houdt, Rob},
	year         = 2017,
	journal      = {Critical reviews in microbiology},
	publisher    = {Taylor \& Francis},
	volume       = 43,
	number       = 6,
	pages        = {709--730}
}
@article{cheng2000integration,
	title        = {Integration and Excision of aBacteroides Conjugative Transposon, CTnDOT},
	author       = {Cheng, QI and Paszkiet, Brian J and Shoemaker, Nadja B and Gardner, Jeffrey F and Salyers, Abigail A},
	year         = 2000,
	journal      = {Journal of bacteriology},
	publisher    = {Am Soc Microbiol},
	volume       = 182,
	number       = 14,
	pages        = {4035--4043}
}
@article{botelho2020role,
	title        = {The role of integrative and conjugative elements in antibiotic resistance evolution},
	author       = {Botelho, Jo{\~a}o and Schulenburg, Hinrich},
	year         = 2020,
	journal      = {Trends in Microbiology},
	publisher    = {Elsevier}
}
@article{burrus2002icest1,
	title        = {The ICESt1 element of Streptococcus thermophilus belongs to a large family of integrative and conjugative elements that exchange modules and change their specificity of integration},
	author       = {Burrus, Vincent and Pavlovic, Guillaume and Decaris, Bernard and Gu{\'e}don, G{\'e}rard},
	year         = 2002,
	journal      = {Plasmid},
	publisher    = {Elsevier},
	volume       = 48,
	number       = 2,
	pages        = {77--97}
}
@article{bellanger2014conjugative,
	title        = {Conjugative and mobilizable genomic islands in bacteria: evolution and diversity},
	author       = {Bellanger, Xavier and Payot, Sophie and Leblond-Bourget, Nathalie and Gu{\'e}don, G{\'e}rard},
	year         = 2014,
	journal      = {FEMS Microbiology Reviews},
	publisher    = {Blackwell Publishing Ltd Oxford, UK},
	volume       = 38,
	number       = 4,
	pages        = {720--760}
}
@article{lederberg1946gene,
	title        = {Gene recombination in Escherichia coli},
	author       = {Lederberg, Joshua and Tatum, Edward L},
	year         = 1946,
	journal      = {Nature},
	volume       = 158,
	number       = 4016,
	pages        = {558--558}
}
@article{cambray2010integrons,
	title        = {Integrons},
	author       = {Cambray, Guillaume and Guerout, Anne-Marie and Mazel, Didier},
	year         = 2010,
	journal      = {Annual review of genetics},
	publisher    = {Annual Reviews},
	volume       = 44,
	pages        = {141--166}
}
@article{boucher2007integrons,
	title        = {Integrons: mobilizable platforms that promote genetic diversity in bacteria},
	author       = {Boucher, Yan and Labbate, Maurizio and Koenig, Jeremy E and Stokes, HW},
	year         = 2007,
	journal      = {Trends in microbiology},
	publisher    = {Elsevier},
	volume       = 15,
	number       = 7,
	pages        = {301--309}
}
@article{gillings2014integrons,
	title        = {Integrons: past, present, and future},
	author       = {Gillings, Michael R},
	year         = 2014,
	journal      = {Microbiology and Molecular Biology Reviews},
	publisher    = {Am Soc Microbiol},
	volume       = 78,
	number       = 2,
	pages        = {257--277}
}
@article{vokes1999aerobactin,
	title        = {The aerobactin iron transport system genes in Shigella flexneri are present within a pathogenicity island},
	author       = {Vokes, Steven A and Reeves, Stephanie A and Torres, Alfredo G and Payne, Shelley M},
	year         = 1999,
	journal      = {Molecular microbiology},
	publisher    = {Wiley Online Library},
	volume       = 33,
	number       = 1,
	pages        = {63--73}
}
@article{carraro2017mobilizable,
	title        = {Mobilizable genomic islands, different strategies for the dissemination of multidrug resistance and other adaptive traits},
	author       = {Carraro, Nicolas and Rivard, Nicolas and Burrus, Vincent and Ceccarelli, Daniela},
	year         = 2017,
	journal      = {Mobile genetic elements},
	publisher    = {Taylor \& Francis},
	volume       = 7,
	number       = 2,
	pages        = {1--6}
}
@article{carraro2016inca,
	title        = {IncA/C conjugative plasmids mobilize a new family of multidrug resistance islands in clinical Vibrio cholerae non-O1/non-O139 isolates from Haiti},
	author       = {Carraro, Nicolas and Rivard, Nicolas and Ceccarelli, Daniela and Colwell, Rita R and Burrus, Vincent},
	year         = 2016,
	journal      = {MBio},
	publisher    = {Am Soc Microbiol},
	volume       = 7,
	number       = 4
}
@article{carraro2015biology,
	title        = {Biology of three ICE families: SXT/R391, ICEBs1, and ICESt1/ICESt3},
	author       = {Carraro, Nicolas and Burrus, Vincent},
	year         = 2015,
	journal      = {Mobile DNA III},
	publisher    = {Wiley Online Library},
	pages        = {289--309}
}
@book{craig2020mobile,
	title        = {Mobile DNA III},
	author       = {Craig, Nancy L},
	year         = 2020,
	publisher    = {John Wiley \& Sons},
	pages        = {139--140}
}
@article{pant2020molecular,
	title        = {Molecular insights into the genome dynamics and interactions between core and acquired genomes of Vibrio cholerae},
	author       = {Pant, Archana and Bag, Satyabrata and Saha, Bipasa and Verma, Jyoti and Kumar, Pawan and Banerjee, Sayantan and Kumar, Bhoj and Kumar, Yashwant and Desigamani, Anbumani and Maiti, Suhrid and others},
	year         = 2020,
	journal      = {Proceedings of the National Academy of Sciences},
	publisher    = {National Acad Sciences},
	volume       = 117,
	number       = 38,
	pages        = {23762--23773}
}
@article{carpenter2016pathogenicity,
	title        = {Pathogenicity island cross talk mediated by recombination directionality factors facilitates excision from the chromosome},
	author       = {Carpenter, Megan R and Rozovsky, Sharon and Boyd, E Fidelma},
	year         = 2016,
	journal      = {Journal of bacteriology},
	publisher    = {Am Soc Microbiol},
	volume       = 198,
	number       = 5,
	pages        = {766--776}
}
@article{rajanna2003vibrio,
	title        = {The vibrio pathogenicity island of epidemic Vibrio cholerae forms precise extrachromosomal circular excision products},
	author       = {Rajanna, C and Wang, J and Zhang, D and Xu, Zheng and Ali, A and Hou, Y-M and Karaolis, DKR},
	year         = 2003,
	journal      = {Journal of bacteriology},
	publisher    = {Am Soc Microbiol},
	volume       = 185,
	number       = 23,
	pages        = {6893--6901}
}
@article{blum1994excision,
	title        = {Excision of large DNA regions termed pathogenicity islands from tRNA-specific loci in the chromosome of an Escherichia coli wild-type pathogen.},
	author       = {Blum, Gabriele and Ott, Manfred and Lischewski, Axel and Ritter, Angelika and Imrich, Horst and Tsch{\"a}pe, H and Hacker, Jorg},
	year         = 1994,
	journal      = {Infection and immunity},
	publisher    = {Am Soc Microbiol},
	volume       = 62,
	number       = 2,
	pages        = {606--614}
}
@article{ronchel2000retrotransfer,
	title        = {Retrotransfer of DNA in the rhizosphere},
	author       = {Ronchel, M Carmen and Ramos-D{\'\i}az, M Angeles and Ramos, Juan L},
	year         = 2000,
	journal      = {Environmental microbiology},
	publisher    = {Wiley Online Library},
	volume       = 2,
	number       = 3,
	pages        = {319--323}
}
@article{myers2006role,
	title        = {The role of mobile DNA in the evolution of prokaryotic genomes},
	author       = {Myers, G and Paulsen, I and Fraser, C},
	year         = 2006,
	journal      = {The implicit genome, OUP, Oxford},
	pages        = {133--137}
}
@article{brunder2000genome,
	title        = {Genome plasticity in Enterobacteriaceae},
	author       = {Brunder, Werner and Karch, Helge},
	year         = 2000,
	journal      = {International journal of medical microbiology},
	publisher    = {Elsevier},
	volume       = 290,
	number       = 2,
	pages        = {153--165}
}
@article{zechner2000conjugative,
	title        = {Conjugative-DNA transfer processes},
	author       = {Zechner, EL and De La Cruz, F and Eisenbrandt, R and Grahn, AM and Koraimann, G and Lanka, E and Muth, G and Pansegrau, W and Thomas, CM and Wilkins, BM and others},
	year         = 2000,
	journal      = {The horizontal gene pool: bacterial plasmids and gene spread},
	publisher    = {Harwood Academic Publishers, Amsterdam},
	volume       = 23,
	pages        = 419
}
@article{kovach1996putative,
	title        = {A putative integrase gene defines the distal end of a large cluster of ToxR-regulated colonization genes in Vibrio cholerae},
	author       = {Kovach, Michael E and Shaffer, Megan D and Peterson, Kenneth M},
	year         = 1996,
	journal      = {Microbiology},
	publisher    = {Microbiology Society},
	volume       = 142,
	number       = 8,
	pages        = {2165--2174}
}
@article{langille2010detecting,
	title        = {Detecting genomic islands using bioinformatics approaches},
	author       = {Langille, Morgan GI and Hsiao, William WL and Brinkman, Fiona SL},
	year         = 2010,
	journal      = {Nature Reviews Microbiology},
	publisher    = {Nature Publishing Group},
	volume       = 8,
	number       = 5,
	pages        = {373--382}
}
@article{boyd2009genomic,
	title        = {Genomic islands are dynamic, ancient integrative elements in bacterial evolution},
	author       = {Boyd, E Fidelma and Almagro-Moreno, Salvador and Parent, Michelle A},
	year         = 2009,
	journal      = {Trends in microbiology},
	publisher    = {Elsevier},
	volume       = 17,
	number       = 2,
	pages        = {47--53}
}
@article{balbontin2008insertion,
	title        = {Insertion hot spot for horizontally acquired DNA within a bidirectional small-RNA locus in Salmonella enterica},
	author       = {Balbont{\'\i}n, Roberto and Figueroa-Bossi, Nara and Casades{\'u}s, Josep and Bossi, Lionello},
	year         = 2008,
	journal      = {Journal of bacteriology},
	publisher    = {Am Soc Microbiol},
	volume       = 190,
	number       = 11,
	pages        = {4075--4078}
}
@article{mohaisen2020site,
	title        = {The Site-Specific Recombination System of the Escherichia coli Bacteriophage $\Phi$24B},
	author       = {Mohaisen, Mohammed Radhi and McCarthy, Alan John and Adriaenssens, Evelien M and Allison, Heather Elizabeth},
	year         = 2020,
	journal      = {Frontiers in microbiology},
	publisher    = {Frontiers},
	volume       = 11,
	pages        = 2467
}
@article{hendrix2000origins,
	title        = {The origins and ongoing evolution of viruses},
	author       = {Hendrix, Roger W and Lawrence, Jeffrey G and Hatfull, Graham F and Casjens, Sherwood},
	year         = 2000,
	journal      = {Trends in microbiology},
	publisher    = {Elsevier},
	volume       = 8,
	number       = 11,
	pages        = {504--508}
}
@article{hatfull2011bacteriophages,
	title        = {Bacteriophages and their genomes},
	author       = {Hatfull, Graham F and Hendrix, Roger W},
	year         = 2011,
	journal      = {Current opinion in virology},
	publisher    = {Elsevier},
	volume       = 1,
	number       = 4,
	pages        = {298--303}
}
@article{berger2019carriage,
	title        = {Carriage of Shiga toxin phage profoundly affects Escherichia coli gene expression and carbon source utilization},
	author       = {Berger, Petya and Kouzel, Ivan U and Berger, Michael and Haarmann, Nadja and Dobrindt, Ulrich and Koudelka, Gerald B and Mellmann, Alexander},
	year         = 2019,
	journal      = {BMC genomics},
	publisher    = {BioMed Central},
	volume       = 20,
	number       = 1,
	pages        = {1--14}
}
@article{dion2020phage,
	title        = {Phage diversity, genomics and phylogeny},
	author       = {Dion, Mo{\"\i}ra B and Oechslin, Frank and Moineau, Sylvain},
	year         = 2020,
	journal      = {Nature Reviews Microbiology},
	publisher    = {Nature Publishing Group},
	volume       = 18,
	number       = 3,
	pages        = {125--138}
}
@article{brussow2004phages,
	title        = {Phages and the evolution of bacterial pathogens: from genomic rearrangements to lysogenic conversion},
	author       = {Br{\"u}ssow, Harald and Canchaya, Carlos and Hardt, Wolf-Dietrich},
	year         = 2004,
	journal      = {Microbiology and molecular biology reviews},
	publisher    = {Am Soc Microbiol},
	volume       = 68,
	number       = 3,
	pages        = {560--602}
}
@article{schroven2021bacteriophages,
	title        = {Bacteriophages as drivers of bacterial virulence and their potential for biotechnological exploitation},
	author       = {Schroven, Kaat and Aertsen, Abram and Lavigne, Rob},
	year         = 2021,
	journal      = {FEMS Microbiology Reviews},
	publisher    = {Oxford University Press},
	volume       = 45,
	number       = 1,
	pages        = {fuaa041}
}
@article{ventura2002transcription,
	title        = {Transcription analysis of Streptococcus thermophilus phages in the lysogenic state},
	author       = {Ventura, Marco and Bruttin, Anne and Canchaya, Carlos and Br{\"u}ssow, Harald},
	year         = 2002,
	journal      = {Virology},
	publisher    = {Elsevier},
	volume       = 302,
	number       = 1,
	pages        = {21--32}
}
@article{hayashi2001complete,
	title        = {Complete genome sequence of enterohemorrhagic Eschelichia coli O157: H7 and genomic comparison with a laboratory strain K-12},
	author       = {Hayashi, Tetsuya and Makino, Kozo and Ohnishi, Makoto and Kurokawa, Ken and Ishii, Kazuo and Yokoyama, Katsushi and Han, Chang-Gyun and Ohtsubo, Eiichi and Nakayama, Keisuke and Murata, Takahiro and others},
	year         = 2001,
	journal      = {DNA research},
	publisher    = {Oxford University Press},
	volume       = 8,
	number       = 1,
	pages        = {11--22}
}
@article{canchaya2003phage,
	title        = {Phage as agents of lateral gene transfer},
	author       = {Canchaya, Carlos and Fournous, Ghislain and Chibani-Chennoufi, Sandra and Dillmann, Marie-Lise and Br{\"u}ssow, Harald},
	year         = 2003,
	journal      = {Current opinion in microbiology},
	publisher    = {Elsevier},
	volume       = 6,
	number       = 4,
	pages        = {417--424}
}
@article{ruzin2001molecular,
	title        = {Molecular genetics of SaPI1--a mobile pathogenicity island in Staphylococcus aureus},
	author       = {Ruzin, Alexey and Lindsay, Jodi and Novick, Richard P},
	year         = 2001,
	journal      = {Molecular microbiology},
	publisher    = {Wiley Online Library},
	volume       = 41,
	number       = 2,
	pages        = {365--377}
}
@article{touchon2017embracing,
	title        = {Embracing the enemy: the diversification of microbial gene repertoires by phage-mediated horizontal gene transfer},
	author       = {Touchon, Marie and De Sousa, Jorge A Moura and Rocha, Eduardo PC},
	year         = 2017,
	journal      = {Current opinion in microbiology},
	publisher    = {Elsevier},
	volume       = 38,
	pages        = {66--73}
}
@article{rolhion2007ompc,
	title        = {OmpC and the $\sigma$E regulatory pathway are involved in adhesion and invasion of the Crohn's disease-associated Escherichia coli strain LF82},
	author       = {Rolhion, Nathalie and Carvalho, Fr{\'e}d{\'e}ric Antonio and Darfeuille-Michaud, Arlette},
	year         = 2007,
	journal      = {Molecular microbiology},
	publisher    = {Wiley Online Library},
	volume       = 63,
	number       = 6,
	pages        = {1684--1700}
}
@article{cespedes2017genetic,
	title        = {Genetic diversity and virulence determinants of Escherichia coli strains isolated from patients with Crohn's disease in Spain and Chile},
	author       = {C{\'e}spedes, Sandra and Saitz, Waleska and Del Canto, Felipe and De la Fuente, Marjorie and Quera, Rodrigo and Hermoso, Marcela and Mu{\~n}oz, R{\'a}ul and Ginard, Daniel and Khorrami, Sam and Gir{\'o}n, Jorge and others},
	year         = 2017,
	journal      = {Frontiers in microbiology},
	publisher    = {Frontiers},
	volume       = 8,
	pages        = 639
}
@article{conte2014adherent,
	title        = {Adherent-invasive Escherichia coli (AIEC) in pediatric Crohn’s disease patients: phenotypic and genetic pathogenic features},
	author       = {Conte, Maria Pia and Longhi, Catia and Marazzato, Massimiliano and Conte, Antonietta Lucia and Aleandri, Marta and Lepanto, Maria Stefania and Zagaglia, Carlo and Nicoletti, Mauro and Aloi, Marina and Totino, Valentina and others},
	year         = 2014,
	journal      = {BMC research notes},
	publisher    = {Springer},
	volume       = 7,
	number       = 1,
	pages        = {1--12}
}
@article{bobik1997propanediol,
	title        = {Propanediol utilization genes (pdu) of Salmonella typhimurium: three genes for the propanediol dehydratase.},
	author       = {Bobik, Thomas A and Xu, Yaping and Jeter, Randall M and Otto, Karin E and Roth, John R},
	year         = 1997,
	journal      = {Journal of Bacteriology},
	publisher    = {Am Soc Microbiol},
	volume       = 179,
	number       = 21,
	pages        = {6633--6639}
}
@article{anast2020cobalamin,
	title        = {The cobalamin-dependent gene cluster of Listeria monocytogenes: Implications for virulence, stress response, and food safety},
	author       = {Anast, Justin M and Bobik, Thomas A and Schmitz-Esser, Stephan},
	year         = 2020,
	journal      = {Frontiers in microbiology},
	publisher    = {Frontiers Media SA},
	volume       = 11
}
@article{faber2017respiration,
	title        = {Respiration of microbiota-derived 1, 2-propanediol drives Salmonella expansion during colitis},
	author       = {Faber, Franziska and Thiennimitr, Parameth and Spiga, Luisella and Byndloss, Mariana X and Litvak, Yael and Lawhon, Sara and Andrews-Polymenis, Helene L and Winter, Sebastian E and B{\"a}umler, Andreas J},
	year         = 2017,
	journal      = {PLoS pathogens},
	publisher    = {Public Library of Science San Francisco, CA USA},
	volume       = 13,
	number       = 1,
	pages        = {e1006129}
}
@article{camprubi2018comparative,
	title        = {Comparative genomics reveals new single-nucleotide polymorphisms that can assist in identification of adherent-invasive Escherichia coli},
	author       = {Camprub{\'\i}-Font, Carla and Lopez-Siles, Mireia and Ferrer-Guixeras, Meritxell and Niub{\'o}-Carulla, Laura and Abell{\`a}-Ametller, Carles and Garcia-Gil, Librado Jes{\'u}s and Martinez-Medina, Margarita},
	year         = 2018,
	journal      = {Scientific reports},
	publisher    = {Nature Publishing Group},
	volume       = 8,
	number       = 1,
	pages        = {1--11}
}
@article{viladomiu2021adherent,
	title        = {Adherent-invasive E. coli metabolism of propanediol in Crohn’s disease regulates phagocytes to drive intestinal inflammation},
	author       = {Viladomiu, Monica and Metz, Maeva L and Lima, Svetlana F and Jin, Wen-Bing and Chou, Lance and Bank, JRI Live Cell and Guo, Chun-Jun and Diehl, Gretchen E and Simpson, Kenneth W and Scherl, Ellen J and others},
	year         = 2021,
	journal      = {Cell Host \& Microbe},
	publisher    = {Elsevier}
}
@article{shaler2019unique,
	title        = {The unique lifestyle of Crohn's disease-associated adherent-invasive Escherichia coli},
	author       = {Shaler, Christopher R and Elhenawy, Wael and Coombes, Brian K},
	year         = 2019,
	journal      = {Journal of molecular biology},
	publisher    = {Elsevier},
	volume       = 431,
	number       = 16,
	pages        = {2970--2981}
}
@article{martinez2009molecular,
	title        = {Molecular diversity of Escherichia coli in the human gut: new ecological evidence supporting the role of adherent-invasive E. coli (AIEC) in Crohn's disease},
	author       = {Martinez-Medina, Margarita and Aldeguer, Xavier and Lopez-Siles, Mireia and Gonz{\'a}lez-Huix, Ferran and L{\'o}pez-Oliu, Carles and Dahbi, Ghizlane and Blanco, Jesus E and Blanco, Jorge and Garcia-Gil, Jesus L and Darfeuille-Michaud, Arlette},
	year         = 2009,
	journal      = {Inflammatory bowel diseases},
	publisher    = {Oxford University Press Oxford, UK},
	volume       = 15,
	number       = 6,
	pages        = {872--882}
}
@article{gevers2014treatment,
	title        = {The treatment-naive microbiome in new-onset Crohn’s disease},
	author       = {Gevers, Dirk and Kugathasan, Subra and Denson, Lee A and V{\'a}zquez-Baeza, Yoshiki and Van Treuren, Will and Ren, Boyu and Schwager, Emma and Knights, Dan and Song, Se Jin and Yassour, Moran and others},
	year         = 2014,
	journal      = {Cell host \& microbe},
	publisher    = {Elsevier},
	volume       = 15,
	number       = 3,
	pages        = {382--392}
}
@article{younis2020inflammatory,
	title        = {Inflammatory bowel disease: between genetics and microbiota},
	author       = {Younis, Nour and Zarif, Rana and Mahfouz, Rami},
	year         = 2020,
	journal      = {Molecular biology reports},
	publisher    = {Springer},
	volume       = 47,
	number       = 4,
	pages        = {3053--3063}
}
@article{chervy2020adherent,
	title        = {Adherent-Invasive E. coli: Update on the Lifestyle of a Troublemaker in Crohn’s Disease},
	author       = {Chervy, M{\'e}lissa and Barnich, Nicolas and Denizot, J{\'e}r{\'e}my},
	year         = 2020,
	journal      = {International Journal of Molecular Sciences},
	publisher    = {Multidisciplinary Digital Publishing Institute},
	volume       = 21,
	number       = 10,
	pages        = 3734
}
@article{boudeau1999invasive,
	title        = {Invasive ability of an Escherichia colistrain isolated from the ileal mucosa of a patient with Crohn’s disease},
	author       = {Boudeau, Jerome and Glasser, Anne-Lise and Masseret, Estelle and Joly, Bernard and Darfeuille-Michaud, Arlette},
	year         = 1999,
	journal      = {Infection and immunity},
	publisher    = {Am Soc Microbiol},
	volume       = 67,
	number       = 9,
	pages        = {4499--4509}
}
@article{nadalian2020prevalence,
	title        = {Prevalence of the pathobiont adherent-invasive Escherichia coli and inflammatory bowel disease: a systematic review and meta-analysis},
	author       = {Nadalian, Banafsheh and Yadegar, Abbas and Houri, Hamidreza and Olfatifar, Meysam and Shahrokh, Shabnam and Asadzadeh Aghdaei, Hamid and Suzuki, Hidekazu and Zali, Mohammad Reza},
	year         = 2020,
	journal      = {Journal of Gastroenterology and Hepatology},
	publisher    = {Wiley Online Library}
}
@article{neut2002changes,
	title        = {Changes in the bacterial flora of the neoterminal ileum after ileocolonic resection for Crohn’s disease},
	author       = {Neut, Christel and Bulois, Philippe and Desreumaux, Pierre and Membr{\'e}, Jeanne-Marie and Lederman, Emmanuel and Gambiez, Luc and Cortot, Antoine and Quandalle, Pierre and Van Kruiningen, Herbert and Colombel, Jean-Fr{\'e}d{\'e}ric},
	year         = 2002,
	journal      = {The American journal of gastroenterology},
	publisher    = {Elsevier},
	volume       = 97,
	number       = 4,
	pages        = {939--946}
}
@article{swidsinski2002mucosal,
	title        = {Mucosal flora in inflammatory bowel disease},
	author       = {Swidsinski, Alexander and Ladhoff, Axel and Pernthaler, Annelie and Swidsinski, Sonja and Loening--Baucke, Vera and Ortner, Marianne and Weber, Jutta and Hoffmann, Uwe and Schreiber, Stefan and Dietel, Manfred and others},
	year         = 2002,
	journal      = {Gastroenterology},
	publisher    = {Elsevier},
	volume       = 122,
	number       = 1,
	pages        = {44--54}
}
@article{valens2016maop,
	title        = {The MaoP/maoS site-specific system organizes the Ori region of the E. coli chromosome into a macrodomain},
	author       = {Valens, Mich{\`e}le and Thiel, Axel and Boccard, Fr{\'e}d{\'e}ric},
	year         = 2016,
	journal      = {PLoS genetics},
	publisher    = {Public Library of Science San Francisco, CA USA},
	volume       = 12,
	number       = 9,
	pages        = {e1006309}
}
@article{espeli2008dna,
	title        = {DNA dynamics vary according to macrodomain topography in the E. coli chromosome},
	author       = {Espeli, Olivier and Mercier, Romain and Boccard, Fr{\'e}d{\'e}ric},
	year         = 2008,
	journal      = {Molecular microbiology},
	publisher    = {Wiley Online Library},
	volume       = 68,
	number       = 6,
	pages        = {1418--1427}
}
@article{woldringh2002role,
	title        = {The role of co-transcriptional translation and protein translocation (transertion) in bacterial chromosome segregation},
	author       = {Woldringh, Conrad L},
	year         = 2002,
	journal      = {Molecular microbiology},
	publisher    = {Wiley Online Library},
	volume       = 45,
	number       = 1,
	pages        = {17--29}
}
@article{hiraga1989chromosome,
	title        = {Chromosome partitioning in Escherichia coli: novel mutants producing anucleate cells.},
	author       = {Hiraga, Sota and Niki, H and Ogura, T and Ichinose, Ch and Mori, H and Ezaki, B and Jaffe, A},
	year         = 1989,
	journal      = {Journal of Bacteriology},
	publisher    = {Am Soc Microbiol},
	volume       = 171,
	number       = 3,
	pages        = {1496--1505}
}
@article{nolivos2014bacterial,
	title        = {The bacterial chromosome: architecture and action of bacterial SMC and SMC-like complexes},
	author       = {Nolivos, Sophie and Sherratt, David},
	year         = 2014,
	journal      = {FEMS microbiology reviews},
	publisher    = {Blackwell Publishing Ltd Oxford, UK},
	volume       = 38,
	number       = 3,
	pages        = {380--392}
}
@article{dame2006bacterial,
	title        = {Bacterial chromatin organization by H-NS protein unravelled using dual DNA manipulation},
	author       = {Dame, Remus T and Noom, Maarten C and Wuite, Gijs JL},
	year         = 2006,
	journal      = {Nature},
	publisher    = {Nature Publishing Group},
	volume       = 444,
	number       = 7117,
	pages        = {387--390}
}
@article{lucchini2006h,
	title        = {H-NS mediates the silencing of laterally acquired genes in bacteria},
	author       = {Lucchini, Sacha and Rowley, Gary and Goldberg, Martin D and Hurd, Douglas and Harrison, Marcus and Hinton, Jay CD},
	year         = 2006,
	journal      = {PLoS Pathog},
	publisher    = {Public Library of Science},
	volume       = 2,
	number       = 8,
	pages        = {e81}
}
@article{dame2020chromosome,
	title        = {Chromosome organization in bacteria: mechanistic insights into genome structure and function},
	author       = {Dame, Remus T and Rashid, Fatema-Zahra M and Grainger, David C},
	year         = 2020,
	journal      = {Nature Reviews Genetics},
	publisher    = {Nature Publishing Group},
	volume       = 21,
	number       = 4,
	pages        = {227--242}
}
@article{umbarger2011three,
	title        = {The three-dimensional architecture of a bacterial genome and its alteration by genetic perturbation},
	author       = {Umbarger, Mark A and Toro, Esteban and Wright, Matthew A and Porreca, Gregory J and Bau, Davide and Hong, Sun-Hae and Fero, Michael J and Zhu, Lihua J and Marti-Renom, Marc A and McAdams, Harley H and others},
	year         = 2011,
	journal      = {Molecular cell},
	publisher    = {Elsevier},
	volume       = 44,
	number       = 2,
	pages        = {252--264}
}
@article{hofmann2015role,
	title        = {The role of loops on the order of eukaryotes and prokaryotes},
	author       = {Hofmann, Andreas and Heermann, Dieter W},
	year         = 2015,
	journal      = {FEBS letters},
	publisher    = {Elsevier},
	volume       = 589,
	number       = 20,
	pages        = {2958--2965}
}
@article{vernimmen2007long,
	title        = {Long-range chromosomal interactions regulate the timing of the transition between poised and active gene expression},
	author       = {Vernimmen, Douglas and Gobbi, Marco De and Sloane-Stanley, Jacqueline A and Wood, William G and Higgs, Douglas R},
	year         = 2007,
	journal      = {The EMBO journal},
	publisher    = {John Wiley \& Sons, Ltd Chichester, UK},
	volume       = 26,
	number       = 8,
	pages        = {2041--2051}
}
@article{dekker2008gene,
	title        = {Gene regulation in the third dimension},
	author       = {Dekker, Job},
	year         = 2008,
	journal      = {Science},
	publisher    = {American Association for the Advancement of Science},
	volume       = 319,
	number       = 5871,
	pages        = {1793--1794}
}
@article{berglund2006optimal,
	title        = {Optimal gene trees from sequences and species trees using a soft interpretation of parsimony},
	author       = {Berglund-Sonnhammer, Ann-Charlotte and Steffansson, P{\"a}r and Betts, Matthew J and Liberles, David A},
	year         = 2006,
	journal      = {Journal of molecular evolution},
	publisher    = {Springer},
	volume       = 63,
	number       = 2,
	pages        = {240--250}
}
@article{rasmussen2007accurate,
	title        = {Accurate gene-tree reconstruction by learning gene-and species-specific substitution rates across multiple complete genomes},
	author       = {Rasmussen, Matthew D and Kellis, Manolis},
	year         = 2007,
	journal      = {Genome research},
	publisher    = {Cold Spring Harbor Lab},
	volume       = 17,
	number       = 12,
	pages        = {1932--1942}
}
@article{wapinski2007automatic,
	title        = {Automatic genome-wide reconstruction of phylogenetic gene trees},
	author       = {Wapinski, Ilan and Pfeffer, Avi and Friedman, Nir and Regev, Aviv},
	year         = 2007,
	journal      = {Bioinformatics},
	publisher    = {Oxford University Press},
	volume       = 23,
	number       = 13,
	pages        = {i549--i558}
}
@article{goodman1979fitting,
	title        = {Fitting the gene lineage into its species lineage, a parsimony strategy illustrated by cladograms constructed from globin sequences},
	author       = {Goodman, Morris and Czelusniak, John and Moore, G William and Romero-Herrera, Alejo E and Matsuda, Genji},
	year         = 1979,
	journal      = {Systematic Biology},
	publisher    = {Society of Systematic Zoology},
	volume       = 28,
	number       = 2,
	pages        = {132--163}
}
@article{gabaldon2008large,
	title        = {Large-scale assignment of orthology: back to phylogenetics?},
	author       = {Gabald{\'o}n, Toni},
	year         = 2008,
	journal      = {Genome biology},
	publisher    = {Springer},
	volume       = 9,
	number       = 10,
	pages        = {1--6}
}
@article{tatusov2000cog,
	title        = {The COG database: a tool for genome-scale analysis of protein functions and evolution},
	author       = {Tatusov, Roman L and Galperin, Michael Y and Natale, Darren A and Koonin, Eugene V},
	year         = 2000,
	journal      = {Nucleic acids research},
	publisher    = {Oxford University Press},
	volume       = 28,
	number       = 1,
	pages        = {33--36}
}
@article{derelle2020broccoli,
	title        = {Broccoli: combining phylogenetic and network analyses for orthology assignment},
	author       = {Derelle, Romain and Philippe, Herv{\'e} and Colbourne, John K},
	year         = 2020,
	journal      = {Molecular Biology and Evolution},
	publisher    = {Oxford University Press},
	volume       = 37,
	number       = 11,
	pages        = {3389--3396}
}
@article{li2003orthomcl,
	title        = {OrthoMCL: identification of ortholog groups for eukaryotic genomes},
	author       = {Li, Li and Stoeckert, Christian J and Roos, David S},
	year         = 2003,
	journal      = {Genome research},
	publisher    = {Cold Spring Harbor Lab},
	volume       = 13,
	number       = 9,
	pages        = {2178--2189}
}
@article{dalquen2013bidirectional,
	title        = {Bidirectional best hits miss many orthologs in duplication-rich clades such as plants and animals},
	author       = {Dalquen, Daniel A and Dessimoz, Christophe},
	year         = 2013,
	journal      = {Genome biology and evolution},
	publisher    = {Oxford University Press},
	volume       = 5,
	number       = 10,
	pages        = {1800--1806}
}
@article{tatusov1997genomic,
	title        = {A genomic perspective on protein families},
	author       = {Tatusov, Roman L and Koonin, Eugene V and Lipman, David J},
	year         = 1997,
	journal      = {Science},
	publisher    = {American Association for the Advancement of Science},
	volume       = 278,
	number       = 5338,
	pages        = {631--637}
}
@article{schreiber2013hieranoid,
	title        = {Hieranoid: hierarchical orthology inference},
	author       = {Schreiber, Fabian and Sonnhammer, Erik LL},
	year         = 2013,
	journal      = {Journal of molecular biology},
	publisher    = {Elsevier},
	volume       = 425,
	number       = 11,
	pages        = {2072--2081}
}
@article{roth2008algorithm,
	title        = {Algorithm of OMA for large-scale orthology inference},
	author       = {Roth, Alexander CJ and Gonnet, Gaston H and Dessimoz, Christophe},
	year         = 2008,
	journal      = {BMC bioinformatics},
	publisher    = {BioMed Central},
	volume       = 9,
	number       = 1,
	pages        = {1--10}
}
@article{wolf2012tight,
	title        = {A tight link between orthologs and bidirectional best hits in bacterial and archaeal genomes},
	author       = {Wolf, Yuri I and Koonin, Eugene V},
	year         = 2012,
	journal      = {Genome biology and evolution},
	publisher    = {Oxford University Press},
	volume       = 4,
	number       = 12,
	pages        = {1286--1294}
}
@article{theissen2002orthology,
	title        = {Orthology: secret life of genes},
	author       = {Thei{\ss}en, G{\"u}nter},
	year         = 2002,
	journal      = {Nature},
	publisher    = {Nature Publishing Group},
	volume       = 415,
	number       = 6873,
	pages        = {741--741}
}
@article{glover2019advances,
	title        = {Advances and Applications in the Quest for Orthologs},
	author       = {Glover, Natasha and Dessimoz, Christophe and Ebersberger, Ingo and Forslund, Sofia K and Gabald{\'o}n, Toni and Huerta-Cepas, Jaime and Martin, Maria-Jesus and Muffato, Matthieu and Patricio, Mateus and Pereira, C{\'e}cile and others},
	year         = 2019,
	journal      = {Molecular biology and evolution},
	publisher    = {Oxford University Press},
	volume       = 36,
	number       = 10,
	pages        = {2157--2164}
}
@article{fitch1970distinguishing,
	title        = {Distinguishing homologous from analogous proteins},
	author       = {Fitch, Walter M},
	year         = 1970,
	journal      = {Systematic zoology},
	publisher    = {Society of Systematic Zoology},
	volume       = 19,
	number       = 2,
	pages        = {99--113}
}
@article{kim2019long,
	title        = {Long-distance cooperative and antagonistic RNA polymerase dynamics via DNA supercoiling},
	author       = {Kim, Sangjin and Beltran, Bruno and Irnov, Irnov and Jacobs-Wagner, Christine},
	year         = 2019,
	journal      = {Cell},
	publisher    = {Elsevier},
	volume       = 179,
	number       = 1,
	pages        = {106--119}
}
@article{paten2011cactus,
	title        = {Cactus: Algorithms for genome multiple sequence alignment},
	author       = {Paten, Benedict and Earl, Dent and Nguyen, Ngan and Diekhans, Mark and Zerbino, Daniel and Haussler, David},
	year         = 2011,
	journal      = {Genome research},
	publisher    = {Cold Spring Harbor Lab},
	volume       = 21,
	number       = 9,
	pages        = {1512--1528}
}
@article{garrison2018variation,
	title        = {Variation graph toolkit improves read mapping by representing genetic variation in the reference},
	author       = {Garrison, Erik and Sir{\'e}n, Jouni and Novak, Adam M and Hickey, Glenn and Eizenga, Jordan M and Dawson, Eric T and Jones, William and Garg, Shilpa and Markello, Charles and Lin, Michael F and others},
	year         = 2018,
	journal      = {Nature biotechnology},
	publisher    = {Nature Publishing Group},
	volume       = 36,
	number       = 9,
	pages        = {875--879}
}
@article{treangen2011horizontal,
	title        = {Horizontal transfer, not duplication, drives the expansion of protein families in prokaryotes},
	author       = {Treangen, Todd J and Rocha, Eduardo PC},
	year         = 2011,
	journal      = {PLoS Genet},
	publisher    = {Public Library of Science},
	volume       = 7,
	number       = 1,
	pages        = {e1001284}
}
@article{davidsen2004biased,
	title        = {Biased distribution of DNA uptake sequences towards genome maintenance genes},
	author       = {Davidsen, Tonje and R{\o}dland, Einar A and Lagesen, Karin and Seeberg, Erling and Rognes, Torbj{\o}rn and T{\o}njum, Tone},
	year         = 2004,
	journal      = {Nucleic acids research},
	publisher    = {Oxford University Press},
	volume       = 32,
	number       = 3,
	pages        = {1050--1058}
}
@article{morel2020generax,
	title        = {GeneRax: a tool for species-tree-aware maximum likelihood-based gene family tree inference under gene duplication, transfer, and loss},
	author       = {Morel, Benoit and Kozlov, Alexey M and Stamatakis, Alexandros and Sz{\"o}ll{\H{o}}si, Gergely J},
	year         = 2020,
	journal      = {Molecular biology and evolution},
	publisher    = {Oxford University Press},
	volume       = 37,
	number       = 9,
	pages        = {2763--2774}
}
@book{caporale2006implicit,
	title        = {The implicit genome},
	author       = {Caporale, Lynn Helena},
	year         = 2006,
	publisher    = {Oxford University Press},
	pages        = {112--117}
}
@article{brown2001phylogenetic,
	title        = {Phylogenetic Evidence for Horizontal Transfer ofmutS Alleles among Naturally Occurring Escherichia coli Strains},
	author       = {Brown, Eric W and LeClerc, J Eugene and Li, Baoguang and Payne, William L and Cebula, Thomas A},
	year         = 2001,
	journal      = {Journal of Bacteriology},
	publisher    = {Am Soc Microbiol},
	volume       = 183,
	number       = 5,
	pages        = {1631--1644}
}
@article{treangen2008impact,
	title        = {The impact of the neisserial DNA uptake sequences on genome evolution and stability},
	author       = {Treangen, Todd J and Ambur, Ole Herman and Tonjum, Tone and Rocha, Eduardo PC},
	year         = 2008,
	journal      = {Genome biology},
	publisher    = {BioMed Central},
	volume       = 9,
	number       = 3,
	pages        = {1--17}
}
@article{frye2013dialects,
	title        = {Dialects of the DNA uptake sequence in Neisseriaceae},
	author       = {Frye, Stephan A and Nilsen, Mariann and T{\o}njum, Tone and Ambur, Ole Herman},
	year         = 2013,
	journal      = {PLoS Genet},
	publisher    = {Public Library of Science},
	volume       = 9,
	number       = 4,
	pages        = {e1003458}
}
@article{smith1995frequency,
	title        = {Frequency and distribution of DNA uptake signal sequences in the Haemophilus influenzae Rd genome},
	author       = {Smith, Hamilton O and Tomb, Jean-Francois and Dougherty, Brian A and Fleischmann, Robert D and Venter, J Craig},
	year         = 1995,
	journal      = {Science},
	publisher    = {American Association for the Advancement of Science},
	volume       = 269,
	number       = 5223,
	pages        = {538--540}
}
@article{dubnau2019mechanisms,
	title        = {Mechanisms of DNA uptake by naturally competent bacteria},
	author       = {Dubnau, David and Blokesch, Melanie},
	year         = 2019,
	journal      = {Annual review of genetics},
	publisher    = {Annual Reviews},
	volume       = 53,
	pages        = {217--237}
}
@article{mell2014natural,
	title        = {Natural competence and the evolution of DNA uptake specificity},
	author       = {Mell, Joshua Chang and Redfield, Rosemary J},
	year         = 2014,
	journal      = {Journal of bacteriology},
	publisher    = {Am Soc Microbiol},
	volume       = 196,
	number       = 8,
	pages        = {1471--1483}
}
@article{spencer2016dna,
	title        = {DNA uptake sequences in Neisseria gonorrhoeae as intrinsic transcriptional terminators and markers of horizontal gene transfer},
	author       = {Spencer-Smith, Russell and Roberts, Sabrina and Gurung, Neesha and Snyder, Lori AS},
	year         = 2016,
	journal      = {Microbial genomics},
	publisher    = {Microbiology Society},
	volume       = 2,
	number       = 8
}
@article{finkel2001dna,
	title        = {DNA as a nutrient: novel role for bacterial competence gene homologs},
	author       = {Finkel, Steven E and Kolter, Roberto},
	year         = 2001,
	journal      = {Journal of bacteriology},
	publisher    = {Am Soc Microbiol},
	volume       = 183,
	number       = 21,
	pages        = {6288--6293}
}
@article{johnston2014bacterial,
	title        = {Bacterial transformation: distribution, shared mechanisms and divergent control},
	author       = {Johnston, Calum and Martin, Bernard and Fichant, Gwennaele and Polard, Patrice and Claverys, Jean-Pierre},
	year         = 2014,
	journal      = {Nature Reviews Microbiology},
	publisher    = {Nature Publishing Group},
	volume       = 12,
	number       = 3,
	pages        = {181--196}
}
@article{sun2018pull,
	title        = {Pull in and push out: mechanisms of horizontal gene transfer in bacteria},
	author       = {Sun, Dongchang},
	year         = 2018,
	journal      = {Frontiers in microbiology},
	publisher    = {Frontiers},
	volume       = 9,
	pages        = 2154
}
@article{buchfink2015fast,
	title        = {Fast and sensitive protein alignment using DIAMOND},
	author       = {Buchfink, Benjamin and Xie, Chao and Huson, Daniel H},
	year         = 2015,
	journal      = {Nature methods},
	publisher    = {Nature Publishing Group},
	volume       = 12,
	number       = 1,
	pages        = {59--60}
}
@article{vandongen2000cluster,
	title        = {A cluster algorithm for graphs},
	author       = {vanDongen, Stijn},
	year         = 2000,
	journal      = {Information Systems [INS]},
	publisher    = {CWI},
	number       = {R 0010}
}
@article{da2018comparative,
	title        = {Comparative Analysis of Genomic Island Prediction Tools},
	author       = {da Silva Filho, Antonio Camilo and Raittz, Roberto Tadeu and Guizelini, Dieval and De Pierri, Camilla Reginatto and Augusto, Di{\^o}nata Willian and dos Santos-Weiss, Izabella Castilhos Ribeiro and Marchaukoski, Jeroniza Nunes},
	year         = 2018,
	journal      = {Frontiers in genetics},
	publisher    = {Frontiers},
	volume       = 9,
	pages        = 619
}
@article{che2014accurate,
	title        = {An accurate genomic island prediction method for sequenced bacterial and archaeal genomes},
	author       = {Che, Dongsheng and Wang, Han and Fazekas, John and Chen, Bernard},
	year         = 2014,
	journal      = {Journal of Proteomics \& Bioinformatics},
	publisher    = {Citeseer},
	volume       = 7,
	number       = 8,
	pages        = 214
}
@article{soares2016gipsy,
	title        = {GIPSy: genomic island prediction software},
	author       = {Soares, Siomar C and Geyik, Hakan and Ramos, Rommel TJ and de S{\'a}, Pablo HCG and Barbosa, Eudes GV and Baumbach, Jan and Figueiredo, Henrique CP and Miyoshi, Anderson and Tauch, Andreas and Silva, Artur and others},
	year         = 2016,
	journal      = {Journal of biotechnology},
	publisher    = {Elsevier},
	volume       = 232,
	pages        = {2--11}
}
@article{vernikos2006interpolated,
	title        = {Interpolated variable order motifs for identification of horizontally acquired DNA: revisiting the Salmonella pathogenicity islands},
	author       = {Vernikos, Georgios S and Parkhill, Julian},
	year         = 2006,
	journal      = {Bioinformatics},
	publisher    = {Oxford University Press},
	volume       = 22,
	number       = 18,
	pages        = {2196--2203}
}
@article{sanchez2020shadowcaster,
	title        = {ShadowCaster: Compositional Methods under the Shadow of Phylogenetic Models to Detect Horizontal Gene Transfers in Prokaryotes},
	author       = {S{\'a}nchez-Soto, Daniela and Ag{\"u}ero-Chapin, Guillermin and Armijos-Jaramillo, Vinicio and Perez-Castillo, Yunierkis and Tejera, Eduardo and Antunes, Agostinho and S{\'a}nchez-Rodr{\'\i}guez, Aminael},
	year         = 2020,
	journal      = {Genes},
	publisher    = {Multidisciplinary Digital Publishing Institute},
	volume       = 11,
	number       = 7,
	pages        = 756
}
@article{bansal2012efficient,
	title        = {Efficient algorithms for the reconciliation problem with gene duplication, horizontal transfer and loss},
	author       = {Bansal, Mukul S and Alm, Eric J and Kellis, Manolis},
	year         = 2012,
	journal      = {Bioinformatics},
	publisher    = {Oxford University Press},
	volume       = 28,
	number       = 12,
	pages        = {i283--i291}
}
@article{jeong2016hgtree,
	title        = {HGTree: database of horizontally transferred genes determined by tree reconciliation},
	author       = {Jeong, Hyeonsoo and Sung, Samsun and Kwon, Taehyung and Seo, Minseok and Caetano-Anoll{\'e}s, Kelsey and Choi, Sang Ho and Cho, Seoae and Nasir, Arshan and Kim, Heebal},
	year         = 2016,
	journal      = {Nucleic acids research},
	publisher    = {Oxford University Press},
	volume       = 44,
	number       = {D1},
	pages        = {D610--D619}
}
@article{ragan2006different,
	title        = {Do different surrogate methods detect lateral genetic transfer events of different relative ages?},
	author       = {Ragan, Mark A and Harlow, Timothy J and Beiko, Robert G},
	year         = 2006,
	journal      = {Trends in microbiology},
	publisher    = {Elsevier},
	volume       = 14,
	number       = 1,
	pages        = {4--8}
}
@article{gogarten2005horizontal,
	title        = {Horizontal gene transfer, genome innovation and evolution},
	author       = {Gogarten, J Peter and Townsend, Jeffrey P},
	year         = 2005,
	journal      = {Nature Reviews Microbiology},
	publisher    = {Nature Publishing Group},
	volume       = 3,
	number       = 9,
	pages        = {679--687}
}
@article{daubin2003source,
	title        = {The source of laterally transferred genes in bacterial genomes},
	author       = {Daubin, Vincent and Lerat, Emmanuelle and Perri{\`e}re, Guy},
	year         = 2003,
	journal      = {Genome biology},
	publisher    = {BioMed Central},
	volume       = 4,
	number       = 9,
	pages        = {1--12}
}
@article{gogarten2002prokaryotic,
	title        = {Prokaryotic evolution in light of gene transfer},
	author       = {Gogarten, J Peter and Doolittle, W Ford and Lawrence, Jeffrey G},
	year         = 2002,
	journal      = {Molecular biology and evolution},
	publisher    = {Society for Molecular Biology and Evolution},
	volume       = 19,
	number       = 12,
	pages        = {2226--2238}
}
@article{novick2020horizontal,
	title        = {Horizontal persistence and the complexity hypothesis},
	author       = {Novick, Aaron and Doolittle, W Ford},
	year         = 2020,
	journal      = {Biology \& Philosophy},
	publisher    = {Springer},
	volume       = 35,
	number       = 1,
	pages        = 2
}
@article{cohen2011complexity,
	title        = {The complexity hypothesis revisited: connectivity rather than function constitutes a barrier to horizontal gene transfer},
	author       = {Cohen, Ofir and Gophna, Uri and Pupko, Tal},
	year         = 2011,
	journal      = {Molecular biology and evolution},
	publisher    = {Oxford University Press},
	volume       = 28,
	number       = 4,
	pages        = {1481--1489}
}
@article{smith1992evolution,
	title        = {Evolution by acquisition: the case for horizontal gene transfers},
	author       = {Smith, Michael W and Feng, Da-Fei and Doolittle, Russell F},
	year         = 1992,
	journal      = {Trends in biochemical sciences},
	publisher    = {Elsevier},
	volume       = 17,
	number       = 12,
	pages        = {489--493}
}
@article{marri2008gene,
	title        = {Gene amelioration demonstrated: the journey of nascent genes in bacteria},
	author       = {Marri, Pradeep Reddy and Golding, G Brian},
	year         = 2008,
	journal      = {Genome},
	publisher    = {NRC Research Press},
	volume       = 51,
	number       = 2,
	pages        = {164--168}
}
@article{koski2001codon,
	title        = {Codon bias and base composition are poor indicators of horizontally transferred genes},
	author       = {Koski, Liisa B and Morton, Richard A and Golding, G Brian},
	year         = 2001,
	journal      = {Molecular biology and evolution},
	publisher    = {Oxford University Press},
	volume       = 18,
	number       = 3,
	pages        = {404--412}
}
@article{hulter2017evolutionary,
	title        = {An evolutionary perspective on plasmid lifestyle modes},
	author       = {H{\"u}lter, Nils and Ilhan, Judith and Wein, Tanita and Kadibalban, A Samer and Hammerschmidt, Katrin and Dagan, Tal},
	year         = 2017,
	journal      = {Current opinion in microbiology},
	publisher    = {Elsevier},
	volume       = 38,
	pages        = {74--80}
}
@article{medigue1991evidence,
	title        = {Evidence for horizontal gene transfer in Escherichia coli speciation},
	author       = {M{\'e}digue, Claudine and Rouxel, Thierry and Vigier, Ph and H{\'e}naut, Alain and Danchin, Antoine},
	year         = 1991,
	journal      = {Journal of molecular biology},
	publisher    = {Academic Press},
	volume       = 222,
	number       = 4,
	pages        = {851--856}
}
@article{garcia1999horizontal,
	title        = {Horizontal gene transfer in glycosyl hydrolases inferred from codon usage in Escherichia coli and Bacillus subtilis.},
	author       = {Garcia-Vallv{\'e}, Santiago and Palau, Jaume and Romeu, Antoni},
	year         = 1999,
	journal      = {Molecular biology and evolution},
	publisher    = {Oxford University Press},
	volume       = 16,
	number       = 9,
	pages        = {1125--1134}
}
@article{ravin2011n15,
	title        = {N15: The linear phage--plasmid},
	author       = {Ravin, Nikolai V},
	year         = 2011,
	journal      = {Plasmid},
	publisher    = {Elsevier},
	volume       = 65,
	number       = 2,
	pages        = {102--109}
}
@article{redondo2020pathways,
	title        = {Pathways for horizontal gene transfer in bacteria revealed by a global map of their plasmids},
	author       = {Redondo-Salvo, Santiago and Fern{\'a}ndez-L{\'o}pez, Ra{\'u}l and Ruiz, Ra{\'u}l and Vielva, Luis and de Toro, Mar{\'\i}a and Rocha, Eduardo PC and Garcill{\'a}n-Barcia, M Pilar and de la Cruz, Fernando},
	year         = 2020,
	journal      = {Nature communications},
	publisher    = {Nature Publishing Group},
	volume       = 11,
	number       = 1,
	pages        = {1--13}
}
@article{del1998replication,
	title        = {Replication and control of circular bacterial plasmids},
	author       = {Del Solar, Gloria and Giraldo, Rafael and Ruiz-Echevarr{\'\i}a, Mar{\'\i}a Jes{\'u}s and Espinosa, Manuel and D{\'\i}az-Orejas, Ram{\'o}n},
	year         = 1998,
	journal      = {Microbiology and molecular biology reviews},
	publisher    = {Am Soc Microbiol},
	volume       = 62,
	number       = 2,
	pages        = {434--464}
}
@article{guglielmini2011repertoire,
	title        = {The repertoire of ICE in prokaryotes underscores the unity, diversity, and ubiquity of conjugation},
	author       = {Guglielmini, Julien and Quintais, Leonor and Garcill{\'a}n-Barcia, Maria Pilar and de La Cruz, Fernando and Rocha, Eduardo PC},
	year         = 2011,
	journal      = {PLoS genet},
	publisher    = {Public Library of Science},
	volume       = 7,
	number       = 8,
	pages        = {e1002222}
}
@article{shintani2015genomics,
	title        = {Genomics of microbial plasmids: classification and identification based on replication and transfer systems and host taxonomy},
	author       = {Shintani, Masaki and Sanchez, Zoe K and Kimbara, Kazuhide},
	year         = 2015,
	journal      = {Frontiers in microbiology},
	publisher    = {Frontiers},
	volume       = 6,
	pages        = 242
}
@article{zinser2003bacterial,
	title        = {Bacterial evolution through the selective loss of beneficial genes: trade-offs in expression involving two loci},
	author       = {Zinser, Erik R and Schneider, Dominique and Blot, Michel and Kolter, Roberto},
	year         = 2003,
	journal      = {Genetics},
	publisher    = {Genetics Soc America},
	volume       = 164,
	number       = 4,
	pages        = {1271--1277}
}
@article{scholz2019high,
	title        = {High-resolution mapping of the Escherichia coli chromosome reveals positions of high and low transcription},
	author       = {Scholz, Scott A and Diao, Rucheng and Wolfe, Michael B and Fivenson, Elayne M and Lin, Xiaoxia Nina and Freddolino, Peter L},
	year         = 2019,
	journal      = {Cell systems},
	publisher    = {Elsevier},
	volume       = 8,
	number       = 3,
	pages        = {212--225}
}
@article{brambilla2015gene,
	title        = {Gene regulation by H-NS as a function of growth conditions depends on chromosomal position in Escherichia coli},
	author       = {Brambilla, Elisa and Sclavi, Bianca},
	year         = 2015,
	journal      = {G3: Genes, Genomes, Genetics},
	publisher    = {G3: Genes, Genomes, Genetics},
	volume       = 5,
	number       = 4,
	pages        = {605--614}
}
@article{fritsche2011model,
	title        = {A model for Escherichia coli chromosome packaging supports transcription factor-induced DNA domain formation},
	author       = {Fritsche, Miriam and Li, Songling and Heermann, Dieter W and Wiggins, Paul A},
	year         = 2011,
	journal      = {Nucleic acids research},
	publisher    = {Oxford University Press},
	volume       = 40,
	number       = 3,
	pages        = {972--980}
}
@article{dorman2013genome,
	title        = {Genome architecture and global gene regulation in bacteria: making progress towards a unified model?},
	author       = {Dorman, Charles J},
	year         = 2013,
	journal      = {Nature Reviews Microbiology},
	publisher    = {Nature Publishing Group},
	volume       = 11,
	number       = 5,
	pages        = 349
}
@article{slager2016hard,
	title        = {Hard-wired control of bacterial processes by chromosomal gene location},
	author       = {Slager, Jelle and Veening, Jan-Willem},
	year         = 2016,
	journal      = {Trends in microbiology},
	publisher    = {Elsevier},
	volume       = 24,
	number       = 10,
	pages        = {788--800}
}
@article{couturier2006replication,
	title        = {Replication-associated gene dosage effects shape the genomes of fast-growing bacteria but only for transcription and translation genes},
	author       = {Couturier, Etienne and Rocha, Eduardo PC},
	year         = 2006,
	journal      = {Molecular microbiology},
	publisher    = {Wiley Online Library},
	volume       = 59,
	number       = 5,
	pages        = {1506--1518}
}
@article{touchon2016coevolution,
	title        = {Coevolution of the organization and structure of prokaryotic genomes},
	author       = {Touchon, Marie and Rocha, Eduardo PC},
	year         = 2016,
	journal      = {Cold Spring Harbor perspectives in biology},
	publisher    = {Cold Spring Harbor Lab},
	volume       = 8,
	number       = 1,
	pages        = {a018168}
}
@article{hendrickson2018chromosome,
	title        = {Chromosome architecture constrains horizontal gene transfer in bacteria},
	author       = {Hendrickson, Heather L and Barbeau, Dominique and Ceschin, Robin and Lawrence, Jeffrey G},
	year         = 2018,
	journal      = {PLoS genetics},
	publisher    = {Public Library of Science},
	volume       = 14,
	number       = 5,
	pages        = {e1007421}
}
@article{bazin2020panrgp,
	title        = {panRGP: a pangenome-based method to predict genomic islands and explore their diversity},
	author       = {Bazin, Adelme and Gautreau, Guillaume and M{\'e}digue, Claudine and Vallenet, David and Calteau, Alexandra},
	year         = 2020,
	journal      = {Bioinformatics},
	publisher    = {Oxford University Press},
	volume       = 36,
	number       = {Supplement\_2},
	pages        = {i651--i658}
}

